
@incollection{aboh2009complex,
  title = {Simplicity, {{Simplification}}, {{Complexity}} and {{Complexification}}: {{Where}} {{Have}} the {{Interfaces Gone}}?},
  booktitle = {Complex {{Processes}} in {{New Languages}}},
  author = {Aboh, Enoch O and Smith, Norval},
  editor = {Aboh, Enoch O and Smith, Norval},
  year = {2009},
  volume = {35},
  publisher = {{John Benjamins Publishing}}
}

@article{carling2021reconstructing,
  title={Reconstructing the evolution of Indo-European grammar},
  author={Carling, Gerd and Cathcart, Chundra},
  journal={Language},
  year={2021},
  publisher={Linguistic Society of America}
}

@article{bouckaert2014densitree,
  title={DensiTree 2: Seeing trees through the forest},
  author={Bouckaert, Remco R and Heled, Joseph},
  journal={BioRxiv},
  pages={012401},
  year={2014},
  publisher={Cold Spring Harbor Laboratory}
}

@article{ABVD,
  title = {The {{Austronesian Basic Vocabulary Database}}: {{From}} {{Bioinformatics}} to {{Lexomics}}},
  author = {Greenhill, Simon J. and Blust, Robert Andrew and Gray, Russell D.},
  year = {2008},
  volume = {4},
  pages = {271--283},
  journal = {Evolutionary Bioinformatics}
}

@article{ball2007ergativity,
  title={On ergativity and accusativity in Proto-Polynesian and proto-Central Pacific},
  author={Ball, Douglas},
  journal={Oceanic Linguistics},
  pages={128--153},
  year={2007},
  publisher={University of Hawai'i Press}
}

@book{adanson1763familles,
  title = {Familles {{Des Plantes}}},
  author = {Adanson, Michel},
  year = {1763},
  publisher = {{chez Vincent, Impremeur-Libraire de Mgr le Comte de Provence}}
}

@book{agha2006language,
  title = {Language and Social Relations},
  author = {Agha, Asif},
  year = {2006},
  volume = {24},
  publisher = {{Cambridge University Press}}
}

@phdthesis{akevai_phd,
  title = {Ko Te {{Kar\=ama}} o Te {{Reo M\=aori}} o Te {{Pae Tonga}} o {{Te Kuki Airani}}: {{A Grammar}} of {{Southern Cook Islands M\=aori}}},
  author = {Nicholas, Sally Akevai Te Namu},
  year = {2017},
  pages = {xxxii+428},
  besttxt = {ptxt2\textsubscript{s}outhern-cook-islands-maori2016\textsubscript{o}.txt},
  cfn = {papua\textsubscript{s}outhern-cook-islands-maori2016.pdf},
  delivered = {papua\textsubscript{s}outhern-cook-islands-maori2016.pdf},
  fn = {papua\textsubscript{s}outhern-cook-islands-maori2016.pdf, papua\textsubscript{s}outhern-cook-islands-maori2016\textsubscript{o}.pdf},
  hhtype = {grammar},
  inlg = {English [eng]},
  lgcode = {Southern Cook Islands M\=aori = Rarotongan [rar]},
  macro_area = {Papunesia},
  school = {University of Auckland},
  src = {hh},
  type = {{{PhD Thesis}}}
}

@article{alderetebardshaw2013,
  title = {Samoan {{Root Phonotactics}}: {{Digging}} {{Deeper}} into the {{Data}}},
  author = {Alderete, John and Bradshaw, Mark},
  year = {2013},
  volume = {11},
  doi = {10.1349/PS1.1537-0852.A.424},
  journal = {Linguistic Discovery},
  number = {1}
}

@inbook{allison2014measures,
  title = {Measures of {{Fit}} for {{Logistic Regression}}},
  booktitle = {Proceedings of the {{SAS}} {{Global Forum}} 2014 {{Conference}}},
  author = {Allison, Paul D},
  year = {2014},
  pages = {1--13},
  publisher = {{{{SAS}} Institute Inc.}},
  address = {{Cary, NC}},
  collaborator = {{SAS Institute Inc.}}
}

@incollection{americansamoacensus1910,
  title = {Census of {{American Samoa}}},
  booktitle = {Fourteenth {{Census}} of the {{United States}}:1920 - {{Bulletin}}},
  author = {{US Census Bureau}},
  year = {1920},
  key = {Bureau of the Census},
  organisation = {Department of Commerce, Bureau of the Census (Sam. L. Rogers, director)}
}

@techreport{americansamoacensus2012,
  title = {2010 {{Census}} for {{American Samoa}} [{{Accessed}} 2015-06-14]},
  author = {{US Census Bureau}},
  year = {2012},
  institution = {{US Census Bureau}},
  url = {http://www.census.gov/2010census/news/pdf/cb11cn177_ia_as_totalpop_2010map_revised.pdf}
}

@book{anderson2006,
  title = {Auxiliary {{Verb Constructions}}},
  author = {Anderson, Gregory D. S.},
  year = {2006},
  publisher = {{Oxford Univeristy Press}},
  address = {{Oxford}}
}

@unpublished{andyconversations,
  title = {Samoan {{Dialogues}}: {{Illustrating}} {{Conversational Usages}} and {{Patterns}}, in t- and k-{{Styles}}},
  author = {Winton, Miki Atinga and Pawley, Andrew},
  year = {1977},
  publisher = {{Department of Anthropology, University of Auckland}},
  address = {{Department of Anthropology, University of Auckland}},
  note = {unpublished}
}

@book{asher1993encyclopedia,
  title = {The {{Encyclopedia}} of {{Language}} and {{Linguistics}}},
  author = {Asher, Robert E and Simpson, James MY},
  year = {1993},
  publisher = {{Pergamon}}
}

@article{aswani1998tongan,
  title = {The {{Tongan}} {{Maritime Expansion}}: {{A Case}} in the {{Evolutionary Ecology}} of {{Social Complexity}}},
  author = {Aswani, Shankar and Graves, Michael W},
  year = {1998},
  pages = {135--164},
  publisher = {{JSTOR}},
  journal = {Asian Perspectives}
}

@article{autotyp_1,
  title = {The {{AUTOTYP}} {{Database}}},
  author = {Bickel, Balthasar and Nichols, Johanna and Zakharko, Taras and {Witzlack-Makarevich}, Alena and Hildebrandt, Kristine and Rie\ss ler, Michael and Bierkandt, Lennart and Z{\'u}{\~n}iga, Fernando and Lowe, John B.},
  year = {2017}
}

@article{bacteriaevo,
  title = {To {{Tree}} or {{Not}} to {{Tree}}? {{Genome}}-{{Wide Quantification}} of {{Recombination}} and {{Reticulate Evolution}} during the {{Diversification}} of {{Strict Intracellular Bacteria}}},
  author = {{Hernandez-Lopez}, A and Chabrol, O and {Royer-Carenzi}, M and Merhej, V and Pontarotti, P and D, Raoult},
  year = {2013},
  pages = {2305--2317},
  doi = {10.1093/gbe/evt178},
  journal = {Genome Biology and Evolution},
  number = {12}
}

@book{bakker97,
  ids = {bakkermichif},
  title = {A {{Language}} of {{Our Own}}: {{The}} {{Genesis}} of {{Michif}}, the {{Mixed}} {{Cree}}-{{French}} {{Language}} of the {{Canadian M\'etis}}},
  author = {Bakker, Peter},
  year = {1997},
  publisher = {{Oxford University Press}},
  address = {{New York}},
  bibtexkey = {Bakker1997},
  series = {Oxford {{Studies}} in {{Anthropological Linguistics}}}
}

@misc{barbosa2016package,
  title = {Package `{{modEvA}}'},
  author = {Barbosa, AM and Brown, JA and {Jimenez-Valverde}, A and Real, R},
  year = {2016},
  url = {https://cran.r-project.org/web/packages/modEvA/}
}

@article{baxter2000beyond,
  title = {Beyond Lumping and Splitting: Probabilistic Issues in Historical Linguistics},
  author = {Baxter, William H and Ramer, Alexis Manaster},
  year = {2000},
  volume = {1},
  pages = {167--188},
  publisher = {{McDonald Institute for Archaeological Research Cambridge}},
  journal = {Time depth in historical linguistics}
}

@incollection{bellwood2006austronesians,
  title = {Austronesian {{Prehistory}} in {{Southeast Asia}}: {{Homeland}}, {{Expansion}} and {{Transformation}}},
  booktitle = {The {{Austronesians}}: {{Historical}} and {{Comparative Perspectives}}},
  author = {Bellwood, Peter},
  editor = {Bellwood, Peter and Fox, James J and Tryon, Darrell},
  year = {2006},
  publisher = {{ANU E Press}}
}

@book{bellwood2013,
  title = {First {{Migrants}}: {{Ancient Migration}} in {{Global Perspective}}},
  author = {Bellwood, Peter},
  year = {2013},
  publisher = {{John Wiley \& Sons}},
  address = {{Chichester, West Sussex, UK; Malden, MA}}
}

@article{bender2003proto,
  title = {Proto-{{Micronesian Reconstructions}}: 1},
  author = {Bender, Byron W and Goodenough, Ward H and Jackson, Frederick H and Marck, Jeffrey C and Rehg, Kenneth L and Sohn, Ho-min and Trussel, Stephen and Wang, Judith W},
  year = {2003},
  volume = {42},
  pages = {1--110},
  publisher = {{JSTOR}},
  journal = {Oceanic Linguistics},
  number = {1}
}

@article{bender2003protob,
  title = {Proto-{{Micronesian Reconstructions}}: 2},
  author = {Bender, Byron W and Goodenough, Ward H and Jackson, Frederick H and Marck, Jeffrey C and Rehg, Kenneth L and Sohn, Ho-min and Trussel, Stephen and Wang, Judith W},
  year = {2003},
  volume = {42},
  pages = {271--358},
  publisher = {{JSTOR}},
  journal = {Oceanic Linguistics},
  number = {2}
}

@article{bergen2001nativization,
  title = {Nativization {{Processes}} in {{L1}} {{Esperanto}}},
  author = {Bergen, Benjamin K},
  year = {2001},
  volume = {28},
  pages = {575--595},
  publisher = {{Cambridge University Press}},
  journal = {Journal of Child Language},
  number = {3}
}

@book{besnier_tuvaluan,
  title = {Tuvaluan: {{A Polynesian Language}} of the {{Central Pacific}}},
  author = {Besnier, Niko},
  year = {2000},
  pages = {xxvi+662},
  publisher = {{Routledge}},
  address = {{London \& New York}},
  inlg = {English [eng]},
  isbn = {978-0-415-02456-3},
  lgcode = {Tuvaluan [tvl]},
  macro_area = {Papunesia},
  mpi_eva_library_shelf = {PL 6541 BES 2000},
  oclc = {51052424},
  series = {Descriptive {{Grammars Series}}},
  src = {hh, mpieva, wals},
  subject_headings = {Tuvaluan language\textendash Grammar, Tuvaluan language\textendash Grammar}
}

@incollection{bickel_2014_universals,
  title = {Linguistic {{Diversity}} and {{Universals}}},
  author = {Bickel, Balthasar},
  year = {2014},
  month = jan,
  pages = {101--124},
  doi = {10.5167/uzh-98910},
  isbn = {978-1-107-03007-7}
}

@article{Bickel_et_al_2015,
  title = {The {{Neurophysiology}} of {{Language Processing Shapes}} the {{Evolution}} of {{Grammar}}: {{Evidence}} from {{Case Marking}}},
  author = {Bickel, Balthasar and {Witzlack-Makarevich}, Alena and Choudhary, Kamal K. and Schlesewsky, Matthias and {Bornkessel-Schlesewsky}, Ina},
  year = {2015},
  volume = {10},
  pages = {e0132819},
  journal = {PLoS ONE},
  number = {8}
}

@article{bickel2007,
  title = {Typology in the 21st {{Century}}: {{Major Current Developments}}},
  author = {Bickel, Balthasar},
  year = {2007},
  volume = {11},
  pages = {239--251},
  doi = {10.1515/LINGTY.2007.018},
  journal = {Linguistic Typology},
  number = {1},
  page = {239 ? 251}
}

@inproceedings{bickelrethink,
  title = {Rethinking {{Universals}} of {{Language}}},
  booktitle = {{{MPI Colloquium Series}}},
  author = {Bickel, Balthasar},
  year = {2014},
  address = {{Nijmegen}}
}

@incollection{biggs1978history,
  title = {The {{History}} of {{Polynesian Phonology}}},
  booktitle = {Second {{International Conference}} on {{Austronesian Linguistics}}: {{Proceedings}}.},
  author = {Biggs, Bruce},
  year = {1978},
  pages = {691--716},
  publisher = {{Pacific Linguistics}},
  address = {{Canberra}}
}

@article{blois1970augment,
  title = {The {{Augment}} in the {{Bantu}} {{Languages}}},
  author = {{de Blois}, Kornelis Frans},
  year = {1970},
  volume = {4},
  pages = {85--165},
  publisher = {{Mus\'ee Royal de l'Afrique centrale}},
  journal = {Africana linguistica},
  number = {1}
}

@article{blommaert2008artefactual,
  title = {Artefactual {{Ideologies}} and the {{Textual Production}} of {{African}} {{Languages}}},
  author = {Blommaert, Jan},
  year = {2008},
  volume = {28},
  pages = {291--307},
  publisher = {{Elsevier}},
  journal = {Language \& Communication},
  number = {4}
}

@book{bloomfield1933language,
  title = {Language},
  author = {Bloomfield, Leonard},
  year = {1933},
  publisher = {{The University of Chicago Press}},
  address = {{Chicago and London}}
}

@book{BLT1,
  title = {Basic {{Linguistic Theory}}. {{Vol}}. 1, {{Methodology}}},
  author = {Dixon, Robert M. W.},
  year = {2010},
  publisher = {{Oxford University Press}},
  address = {{Oxford}}
}

@article{blust_2005,
  title = {Review of {{Lynch}}, {{Ross}} and {{Crowley}} 2002. {{Oceanic}} {{Linguistics}}},
  author = {Blust, Robert},
  year = {2005},
  volume = {44},
  journal = {Oceanic Linguistics},
  number = {2},
  page = {544-558}
}

@book{blust_2009,
  title = {The {{Austronesian Languages}}},
  author = {Blust, Robert A.},
  year = {2009},
  publisher = {{Pacific Linguistics}},
  address = {{Canberra}},
  besttxt = {ptxt2\textsubscript{a}ustronesian2009pages\textsubscript{o}.txt},
  class_loc = {PL5026},
  document_type = {B},
  fn = {papua\textsubscript{a}ustronesian2009pages\textsubscript{o}.pdf, papua\textsubscript{a}ustronesian2009pages.pdf},
  hhtype = {overview;comparative},
  inlg = {English [eng]},
  isbn = {978-0-85883-602-0},
  lgcode = {Malayo-Polynesian [mala1545]},
  macro_area = {Papua},
  mpi_eva_library_shelf = {PL 5026 BLU 2009},
  src = {hh, langsci, mpieva},
  subject_headings = {Austronesian languages, Austronesian languages}
}

@article{blust_2014,
  title = {Some {{Recent Proposals Concerning}} the {{Classification}} of the {{Austronesian}} {{Languages}}},
  author = {Blust, Robert},
  year = {2014},
  volume = {53},
  pages = {300--391},
  besttxt = {ptxt2\textsubscript{p}roposals-austronesian2014.txt},
  cfn = {papua\textsubscript{p}roposals-austronesian2014.pdf},
  delivered = {papua\textsubscript{p}roposals-austronesian2014.pdf},
  fn = {papua\textsubscript{p}roposals-austronesian2014.pdf},
  hhtype = {comparative},
  inlg = {English [eng]},
  journal = {Oceanic Linguistics},
  macro_area = {Papua},
  number = {2},
  src = {hh}
}

@article{blust_chen_2017,
  title = {The {{Pitfalls}} of {{Negative Evidence}}: `{{Nuclear Austronesian}}', `{{Ergative Austronesian}}', and {{Their Progeny}}},
  author = {Blust, Robert A. and Chen, Victoria},
  year = {2017},
  volume = {18},
  pages = {577--621},
  besttxt = {ptxt2-chen\textsubscript{n}uclear-austronesian2017.txt},
  fn = {papua-chen\textsubscript{n}uclear-austronesian2017.pdf},
  hhtype = {comparative},
  inlg = {English [eng]},
  journal = {Language and Linguistics},
  macro_area = {Papua},
  number = {4},
  src = {hh}
}

@inproceedings{blust1981,
  title = {Variation in {{Retention Rate}} among {{Austronesian}} {{Languages}}},
  booktitle = {The {{Third International Conference}} on {{Austronesian Linguistics}}},
  author = {Blust, Robert},
  year = {1981},
  address = {{Bali}}
}

@incollection{blust1996neogrammarian,
  title = {The {{Neogrammarian}} {{Hypothesis}} and {{Pandemic Irregularity}}},
  booktitle = {The {{Comparative Method Reviewed}}: {{Regularity}} and {{Irregularity}} in {{Language Change}}},
  author = {Blust, Robert},
  editor = {Durie, Mark and Ross, Malcolm},
  year = {1996},
  pages = {135--156},
  publisher = {{Oxford University Press}},
  address = {{Oxford}}
}

@incollection{blust2000lexicostatistics,
  title = {Why {{Lexicostatistics Doesn}}'t {{Work}}: {{The}} `{{Universal Constant}}' {{Hypothesis}} and the {{Austronesian}} {{Languages}}},
  booktitle = {Time {{Depth}} in {{Historical Linguistics}}},
  author = {Blust, Robert},
  editor = {Renfrew, Colin},
  year = {2000},
  volume = {2},
  pages = {311--331},
  publisher = {{The McDonald Institute for Archaeological Research}},
  address = {{Cambridge, UK}}
}

@article{blust2004,
  title = {*t to k: {{An}} {{Austronesian Sound Change Revisited}}},
  author = {Blust, Robert A.},
  year = {2004},
  volume = {43},
  pages = {365--410},
  bibtexkey = {blust\textsubscript{a}ustronesian-revisited2004},
  fn = {papua\textsubscript{t}-k2004.pdf},
  hhtype = {overview;comparative},
  journal = {Oceanic Linguistics},
  macro_area = {Papua},
  number = {2},
  src = {gj, hh},
  srctrickle = {gj\#blust04tk, hh\#hv:Blust:T-K}
}

@article{blust2013austronesian,
  title = {The {{Austronesian}} {{Languages}} ({{Revised Edition}})},
  author = {Blust, Robert},
  year = {2013},
  journal = {Canberra: Pacific Linguistics}
}

@incollection{boas38,
  title = {Language},
  booktitle = {General {{Anthropology}}},
  author = {Boas, Franz},
  editor = {Boas, Franz},
  year = {1938},
  publisher = {{D.S. Heath and Company}},
  address = {{Boston, New York}}
}

@incollection{bock1971algorithm,
  title = {An {{Algorithm}} to {{Construct}} a {{Minimum Directed Spanning Tree}} in a {{Directed Network}}},
  booktitle = {Developments in {{Operations Research}}: {{Proceedings}} of the {{Third Annual Israel Conference}} on {{Operations Research}}},
  author = {Bock, FC},
  editor = {{Avi-Itzhak}, Benjamin},
  year = {1971},
  volume = {2},
  pages = {29--44},
  publisher = {{Gordon and Breach}}
}

@article{bollback2006simmap,
  title = {{{SIMMAP}}: {{Stochastic Character Mapping}} of {{Discrete Traits}} on {{Phylogenies}}},
  author = {Bollback, Jonathan P},
  year = {2006},
  volume = {7},
  pages = {88},
  publisher = {{BioMed Central}},
  journal = {BMC bioinformatics},
  number = {1}
}

@article{bolton1998chief,
  title = {Chief {{Willie Bongmatur Maldo}} and the {{Role}} of {{Chiefs}} in {{Vanuatu}}},
  author = {Bolton, Lissant},
  year = {1998},
  volume = {33},
  pages = {179--195},
  publisher = {{Taylor \& Francis}},
  journal = {The Journal of Pacific History},
  number = {2}
}

@article{bonnemaison1972systeme,
  title = {Syst\`eme de {{Grades}} et {{Diff\'erences R\'egionales En Aoba}} ({{Nouvelles H\'ebrides}})},
  author = {Bonnemaison, Jo{\"e}l},
  year = {1972},
  volume = {9},
  pages = {87--108},
  journal = {Cahiers ORSTOM. S\'erie Sciences Humaines},
  number = {1}
}

@incollection{bonnemaison1996graded,
  title = {Graded {{Societies}} and {{Societies Based}} on {{Title}}: {{Forms}} and {{Rites}} of {{Traditional Power}} in {{Vanuatu}}},
  booktitle = {Arts of {{Vanuatu}}},
  author = {Bonnemaison, Jo{\"e}l},
  year = {1996},
  pages = {200--216},
  publisher = {{University of Hawaii Press}}
}

@book{bowern2008linguistic,
  title = {Linguistic {{Fieldwork}}: {{A}} {{Practical Guide}}},
  author = {Bowern, Claire},
  year = {2008},
  publisher = {{Springer}}
}

@article{bromham_polynesian_sizes,
  ids = {bromhampolyvocab},
  title = {Rate of {{Language Evolution Is Affected}} by {{Population Size}}},
  author = {Lindell Bromham, Xia Hua, Thomas G. Fitzpatrick and Greenhill, Simon J.},
  year = {2015},
  volume = {112},
  publisher = {{National Academy of Sciences of the United States of America}},
  journal = {PNAS - Proceedings of the National Academy of Sciences},
  number = {7},
  page = {2097-2102}
}

@article{bromham2018parasites,
  title = {Parasites and {{Politics}}: {{Why Cross}}-{{Cultural Studies Must Control}} for {{Relatedness}}, {{Proximity}} and {{Covariation}}},
  author = {Bromham, Lindell and Hua, Xia and Cardillo, Marcel and Schneemann, Hilde and Greenhill, Simon J},
  year = {2018},
  volume = {5},
  pages = {181100},
  publisher = {{The Royal Society}},
  journal = {Royal Society open science},
  number = {8}
}

@article{bryant_moulton_2002_nn,
  title = {Neighbor-{{Net}}, an {{Agglomerative Method}} for the {{Construction}} of {{Phylogenetic Networks}}},
  author = {Bryant, David and Moulton, Vincent},
  year = {2004},
  volume = {21},
  pages = {255--265},
  journal = {Molecular Biology and Evolution},
  number = {2}
}

@article{buse61,
  ids = {buse1961},
  title = {Two {{Samoan Ceremonial Speeches}}},
  author = {Buse, J. E.},
  year = {1961},
  volume = {24},
  pages = {104--115},
  journal = {Bulletin of SOAS},
  number = {1},
  numer = {24},
  page = {104-115}
}

@article{bybeedahl89,
  title = {The {{Creation}} of {{Tense}} and {{Aspect Systems}} in the {{Languages}} of the {{World}}},
  author = {Bybee, Joan and Dahl, {\"O}sten},
  year = {1989},
  volume = {13},
  pages = {51--103},
  publisher = {{John Benjamins}},
  address = {{Amsterdam}},
  doi = {10.1075/sl.13.1.03byb},
  journal = {Studies in Language},
  number = {1}
}

@book{cabbage1990americansamoansign,
  title = {American {{Samoa Sign Language}}: Volume {{I}}},
  author = {Cabbage, D. and Peterson, J.},
  year = {1990},
  pages = {168},
  publisher = {{International Communication Publishers}},
  url = {https://books.google.se/books?id=7q4XHQAACAAJ},
  series = {Sign Language International}
}

@book{cabbage1990samoansign,
  title = {Samoan {{Sign Language}}: Volume {{I}}},
  author = {Cabbage, D. and Peterson, J.},
  year = {1990},
  pages = {166},
  publisher = {{International Communication Publishers}},
  url = {https://books.google.se/books?id=7q4XHQAACAAJ},
  series = {Sign Language International}
}

@book{cablitz_2006_marq,
  title = {Marquesan: {{A Grammar}} of {{Space}}},
  author = {Cablitz, Gabriele H.},
  year = {2006},
  volume = {169},
  pages = {xx+682},
  publisher = {{Mouton de Gruyter}},
  address = {{Berlin}},
  url = {http://www.degruyter.com/view/books/9783110197754/9783110197754/9783110197754.xml},
  inlg = {English [eng]},
  isbn = {978-3-11-018949-0 978-3-11-018949-0 978-3-11-018949-0 3-11-018949-6},
  lgcode = {Marquesan-North [mrq]},
  macro_area = {Papunesia},
  mpi_eva_library_shelf = {PL 6471 CAB 2006},
  oclc = {492653656},
  series = {Trends in {{Linguistics}}: {{Studies}} and {{Monographs}}},
  src = {degruyter, hh, mpieva},
  subject_headings = {Marquesan language\textendash Grammar, Space and time in language, Marquesan language\textendash Locative constructions, Marquesan language\textendash Grammar \textendash{} Space and time in language \textendash{} Marquesan language\textendash Locative constructions}
}

@incollection{campbell1996sound,
  title = {On {{Sound Change}} and {{Challenges}} to {{Regularity}}},
  booktitle = {The {{Comparative Method Reviewed}}: {{Regularity}} and {{Irregularity}} in {{Language Change}}},
  author = {Campbell, Lyle},
  editor = {Durie, Mark and Ross, Malcom},
  year = {1996},
  pages = {72--89},
  publisher = {{Oxford University Press}},
  address = {{Oxford}},
  page = {72-89}
}

@book{capell_emae,
  title = {The {{Polynesian Language}} of {{Mae}} ({{Emwae}}), {{New Hebrides}}},
  author = {Capell, Arthur},
  year = {1962},
  volume = {2},
  pages = {55},
  publisher = {{Linguistic Society of New Zealand}},
  address = {{Auckland}},
  hhtype = {grammar\textsubscript{s}ketch},
  inlg = {English [eng]},
  lgcode = {Emae [mmw]},
  macro_area = {Papunesia},
  mpi_eva_library_shelf = {PL 6474 CAP 1962},
  oclc = {3585721},
  series = {Te {{Reo Monographs}}},
  src = {hh, mpieva, wals},
  subject_headings = {Emae language, Emae language}
}

@article{capell1936sikayana,
  title = {[{{The Sikayana Language}}: {{A Preliminary Grammar}} and {{Vocabulary}}]({{Continued}})},
  author = {Capell, A},
  year = {1936},
  volume = {45},
  pages = {9--16},
  publisher = {{The Polynesian Society}},
  journal = {The Journal of the Polynesian Society},
  number = {1}
}

@incollection{capinera_2008,
  title = {Butterflies and {{Moths}}},
  booktitle = {Encyclopedia of {{Entomology}}},
  author = {Capinera, John L.},
  year = {2008},
  edition = {Second},
  volume = {4},
  publisher = {{Springer}},
  isbn = {ISBN 9781402062421},
  page = {626\textendash 672}
}

@article{carson2012history,
  title = {History of {{Archaeological Study}} in the {{Mariana Islands}}},
  author = {Carson, Mike T},
  year = {2012},
  volume = {42},
  pages = {312--371},
  journal = {Micronesica},
  number = {1/2}
}

@incollection{carson2012recent,
  title = {Recent {{Developments}} in {{Prehistory}}: {{Perspectives}} on {{Settlement Chronology}}, {{Inter}}-{{Community Relations}}, and {{Identity Formation}}},
  booktitle = {The {{Polynesian}} {{Outliers}}: {{State}} of the {{Art}}},
  author = {Carson, Mike T},
  editor = {Feinberg, Richard and Scaglion, Richard},
  year = {2012},
  pages = {27--48},
  publisher = {{Department of Anthropology, University of Pittsburgh}},
  address = {{United States of America}},
  number = {21},
  series = {Ethnology {{Monographs}}}
}

@article{cartwright_2013,
  title = {{Polis}},
  author = {Cartwright, Mark},
  year = {2013},
  month = jun,
  url = {https://www.ancient.eu/Polis/},
  urldate = {2020-05-13},
  journal = {Ancient History Encyclopedia},
  language = {en-us,en-gb,en-ca}
}

@misc{change_request_SIL_example,
  title = {Change {{Request Number}}: 2018-090},
  author = {Sacson, Iris},
  year = {2018},
  url = {https://iso639-3.sil.org/request/2018-090}
}

@incollection{chapter12006austronesians,
  title = {The {{Austronesians}} in {{History}}: {{Common}} {{Origins}} and {{Diverse Transformations}}},
  booktitle = {The {{Austronesians}}: {{Historical}} and {{Comparative Perspectives}}},
  author = {Bellwood, Peter and Fox, James J and Tryon, Darrell},
  editor = {Bellwood, Peter and Fox, James J and Tryon, Darrell},
  year = {2006},
  publisher = {{ANU E Press}}
}

@book{charpentier2012linguistic,
  title = {Linguistic {{Atlas}} of {{French Polynesia}}-{{Atlas Linguistique}} de {{La Polyn\'esie Fran\c{c}aise}}},
  author = {Charpentier, Jean-Michel and Fran{\c c}ois, Alexandre},
  year = {2012},
  publisher = {{de Gruyter Mouton}}
}

@article{choi2014msstats,
  title = {{{MSstats}}: {{An}} {{R}} {{Package}} for {{Statistical Analysis}} of {{Quantitative Mass Spectrometry}}-{{Based Proteomic Experiments}}},
  author = {Choi, Meena and Chang, Ching-Yun and Clough, Timothy and Broudy, Daniel and Killeen, Trevor and MacLean, Brendan and Vitek, Olga},
  year = {2014},
  volume = {30},
  pages = {2524--2526},
  publisher = {{Oxford University Press}},
  journal = {Bioinformatics},
  number = {17}
}

@article{Chrisiansen_chater_integrated,
  title = {Towards an {{Integrated Science}} of {{Language}}},
  author = {Christiansen, Morten H. and Chater, Nick},
  year = {2017/07/31/online, 2017-07-31},
  volume = {1},
  pages = {0163 EP -},
  publisher = {{Macmillan Publishers Limited SN -}},
  url = {http://dx.doi.org/10.1038/s41562-017-0163},
  date-added = {2017-10-01 12:26:36 +0000},
  date-modified = {2017-10-01 12:26:36 +0000},
  journal = {Nature},
  l3 = {10.1038/s41562-017-0163;},
  m3 = {Comment},
  ty = {JOUR}
}

@article{chu-liu,
  title = {On the {{Shortest Arborescence}} of a {{Directed Graph}}},
  author = {Chu, Yoeng-Jin and Liu, Tseng-Hong},
  year = {1965},
  volume = {14},
  pages = {1396--1400},
  journal = {Scientia Sinica},
  page = {1396 \textendash 1400}
}

@article{chung1977aspects,
  title = {Review of {{Clark}}, {{R}}: {{Aspects}} of {{Proto}}-{{Polynesian Syntax}}},
  author = {Chung, Sandra},
  year = {1977},
  volume = {86},
  pages = {537--540},
  publisher = {{The Polynesian Society}},
  journal = {The Journal of the Polynesian Society},
  number = {4},
  page = {537-540}
}

@book{chung1978,
  title = {Case {{Marking}} and {{Grammatical Relations}} in {{Polynesian}} {{Languages}}},
  author = {Chung, Sandra},
  year = {1978},
  publisher = {{University of Texas}},
  address = {{Austin}}
}

@book{cia_world_factbook_2019,
  title = {The {{World Factbook}}},
  author = {{CIA}},
  year = {2019},
  publisher = {{Central Intelligence Agency}},
  address = {{Washington, DC. USA}},
  url = {https://www.cia.gov/library/publications/resources/the-world-factbook/index.html}
}

@book{clark1976aspects,
  title = {Aspects of {{Proto}}-{{Polynesian}} {{Syntax}}},
  author = {Clark, D Ross},
  year = {1976},
  volume = {6},
  publisher = {{Linguistic Society of New Zealand}}
}

@incollection{clark1994polynesian,
  title = {The {{Polynesian Outliers}} as a Locus of Language Contact},
  booktitle = {Language Contact and Change in the {{Austronesian}} World},
  author = {Clark, Ross},
  editor = {Dutton, Tom and Tryon, Darrell T.},
  year = {1994},
  pages = {109--140},
  publisher = {{Mouton de Gruyter}}
}

@article{clark2000possessive,
  title = {Possessive Markers in {{Polynesian}} Languages},
  author = {Clark, Ross},
  year = {2000},
  volume = {53},
  pages = {258--268},
  publisher = {{De Gruyter}},
  journal = {Sprachtypol. Univ. Forsch (STUF). - Language Typology and Universals},
  number = {3-4}
}

@article{clark2006human,
  title = {Human {{Colonization}} of the {{Palau Islands}}, {{Western Micronesia}}},
  author = {Clark, Geoffrey and Anderson, Atholl and Wright, Duncan},
  year = {2006},
  volume = {1},
  pages = {215--232},
  publisher = {{Taylor \& Francis}},
  journal = {Journal of Island \& Coastal Archaeology},
  number = {2}
}

@book{concepticon,
  title = {Concepticon 2.1.0},
  editor = {List, Johann Mattis and Greenhill, Simon and Rzymski, Christoph and Schweikhard, Nathanael and Forkel, Robert},
  year = {2019},
  publisher = {{Max Planck Institute for the Science of Human History}},
  address = {{Jena}},
  url = {https://concepticon.clld.org/}
}

@misc{corHMM,
  title = {Package `{{corHMM}}'},
  author = {Beaulieu, Jeremy M. and Oliver, Jeffrey C. and O'Meara, Brian},
  year = {2017},
  url = {https://CRAN.R-project.org/package=corHMM}
}

@book{council2009history,
  title = {A {{History}} of {{American S\=amoa}}},
  author = {{Amerika S\=amoa Humanities Council}},
  year = {2009},
  publisher = {{Amerika Samoa Humanities Council}}
}

@book{croft1990,
  title = {Typology and {{Universals}}},
  author = {Croft, William},
  year = {1990},
  publisher = {{Cambridge University Press}},
  address = {{Cambridge}}
}

@article{crowley1985common,
  title = {Common {{Noun Phrase Marking}} in {{Proto}}-{{Oceanic}}},
  author = {Crowley, Terry},
  year = {1985},
  volume = {24},
  pages = {135--193},
  publisher = {{JSTOR}},
  journal = {Oceanic Linguistics},
  number = {1/2}
}

@book{crystal2008dictionary,
  title = {Dictionary of {{Linguistics}} and {{Phonetics}}},
  author = {Crystal, DA},
  year = {2008},
  edition = {Sixth},
  publisher = {{John Wiley \& Sons}},
  address = {{Oxford}}
}

@article{cunningham1998reconstructing,
  title = {Reconstructing {{Ancestral Character States}}: {{A Critical Reappraisal}}},
  author = {Cunningham, Clifford W and Omland, Kevin E and Oakley, Todd H},
  year = {1998},
  volume = {13},
  pages = {361--366},
  publisher = {{Elsevier}},
  journal = {Trends in Ecology \& Evolution},
  number = {9}
}

@article{currie2010rise,
  ids = {currie\_etal\_2010},
  title = {Rise and {{Fall}} of {{Political Complexity}} in {{Island}} {{South}}-{{East Asia}} and the {{Pacific}}},
  author = {Currie, Thomas E and Greenhill, Simon J and Gray, Russell D and Hasegawa, Toshikazu and Mace, Ruth},
  year = {2010},
  volume = {467},
  pages = {801},
  publisher = {{Nature Publishing Group}},
  date-added = {2017-09-27 13:32:11 +0000},
  date-modified = {2017-09-27 13:32:11 +0000},
  isbn = {0028-0836},
  journal = {Nature},
  l3 = {http://www.nature.com/nature/journal/v467/n7317/abs/nature09461.html\#supplementary-information},
  m3 = {10.1038/nature09461},
  number = {7317},
  ty = {JOUR}
}

@article{curriemace2009,
  title = {Political {{Complexity Predicts}} the {{Spread}} of {{Ethnolinguistic Groups}}},
  author = {Currie, T.E. and Mace, R.},
  year = {2009},
  volume = {106},
  pages = {7339--7344},
  publisher = {{National Academy of Sciences of the United States of America}},
  journal = {PNAS - Proceedings of the National Academy of Sciences},
  number = {18}
}

@misc{d_place_all,
  title = {{{D-PLACE/dplace-data: D-PLACE \textendash{} the Database of Places, Language, Culture and Environment (Version v2.0.1) [Data set]}}},
  author = {Kirby, KR and Gray, R. D. and Greenhill, S. J. and Jordan, F. M. and {Gomes-Ng}, S. and Bibiko, H-J and Blasi, Dami{\'a}n E. and Botero, Carlos A. and Bowern, Claire and Ember, Carol R. and Leehr, Dan and Low, Bobbi S. and McCarter, Joe and Divale, William and Gavin, Michael C.},
  year = {2018},
  url = {http://doi.org/10.5281/zenodo.1466634},
  journal = {Zenodo}
}

@article{dahl_poster,
  title = {An {{Exercise}} in a {{Posteriori Language Sampling}}},
  author = {Dahl, {\"O}sten},
  year = {2009},
  volume = {61},
  pages = {208--220},
  address = {{Berlin}},
  journal = {STUF - Language Typology and Universals},
  number = {3},
  page = {208-220}
}

@incollection{Dahl-1990,
  title = {Standard {{Average European}} as an {{Exotic Language}}},
  booktitle = {Toward a {{Typology}} of {{European Languages}}, {{Empirical Approaches}} to {{Language Typology}}},
  author = {Dahl, {\"O}sten},
  editor = {Bechert, Johannes and Bernini, Giuliano and Buridant, Claude},
  year = {1990},
  volume = {8},
  pages = {3--8},
  publisher = {{Mouton de Gruyter}},
  address = {{Berlin}}
}

@misc{dahl1991island,
  title = {Explanation of {{Island Indicators}}},
  author = {Dahl, Arthur L},
  year = {1991},
  url = {http://islands.unep.ch/indicat.htm\#isolation},
  journal = {UNEP}
}

@incollection{dahl2000,
  title = {The {{Tense}}-{{Aspect Systems}} of {{European}} {{Languages}} in a {{Typological Perspective}}},
  booktitle = {Tense and {{Aspect}} in the {{Languages}} of {{Europe}}},
  author = {Dahl, {\"O}sten},
  editor = {Dahl, {\"O}sten},
  year = {2000},
  pages = {3--25},
  publisher = {{Mouton de Gruyter}},
  address = {{Berlin}}
}

@incollection{dahl2009testing,
  title = {Testing the {{Assumption}} of {{Complexity Invariance}}: {{The}} {{Case}} of {{Elfdalian}} and {{Swedish}}},
  booktitle = {Language {{Complexity}} as an {{Evolving Variable}}},
  author = {Dahl, {\"O}sten},
  editor = {Sampson, Geoffrey and Gil, David and Trudgill, Peter},
  year = {2009},
  publisher = {{Oxford University Press}},
  address = {{Oxford}},
  page = {50-63}
}

@book{davidson1967samoa,
  title = {Samoa {{Mo}} {{Samoa}}: {{The Emergence}} of the {{Independent State}} of {{Western Samoa}}},
  author = {Davidson, James Wightman},
  year = {1967},
  publisher = {{Oxford University Press}},
  address = {{Melbourne; New York [etc.]}}
}

@incollection{davidson79,
  title = {Samoa and {{Tonga}}},
  booktitle = {The {{Prehistory}} of {{Polynesia}}},
  author = {Davidson, Janet M.},
  editor = {Jennings, Jesse D},
  year = {1979},
  pages = {82--109},
  publisher = {{Harvard University Press}}
}

@article{de2005towards,
  title = {Towards a {{Typology}} of {{Tail}}\textendash{{Head Linkage}} in {{Papuan}} {{Languages}}},
  author = {De Vries, Lourens},
  year = {2005},
  volume = {29},
  pages = {363--384},
  publisher = {{John Benjamins}},
  journal = {Studies in Language},
  number = {2}
}

@article{de2012irrealis,
  title = {Irrealis: {{Fact}} or {{Fiction}}?},
  author = {De Haan, Ferdinand},
  year = {2012},
  volume = {34},
  pages = {107--130},
  publisher = {{Elsevier}},
  journal = {Language sciences},
  number = {2}
}

@inproceedings{dediu_2017,
  title = {Variation {{Is Not Noise}}: {{From}} {{Genetics}} to {{Language Change}} and {{Diversity}}},
  booktitle = {Association for {{Linguistic Typology Conference}}},
  author = {Dediu, Dan},
  year = {2017}
}

@article{dediu2013some,
  title = {Some {{Structural Aspects}} of {{Language Are More Stable}} than {{Others}}: {{A}} {{Comparison}} of {{Seven Methods}}},
  author = {Dediu, Dan and Cysouw, Michael},
  year = {2013},
  volume = {8},
  pages = {e55009},
  publisher = {{Public Library of Science}},
  journal = {PloS ONE},
  number = {1}
}

@book{dennett1996darwin,
  title = {Darwin's {{Dangerous Idea}}: {{Evolution}} and the {{Meanins}} of {{Life}}},
  author = {Dennett, Daniel C},
  year = {1996},
  publisher = {{Simon and Schuster}},
  number = {39}
}

@book{diakonov1988afrasian,
  title = {Afrasian {{Languages}}},
  author = {D'iakonov, Igor Mikha{\u \i}lovich},
  year = {1988},
  publisher = {{Nauka, Central Department of Oriental Literature}}
}

@book{dougherty_1983_futuna,
  title = {West {{Futuna}}-{{Aniwa}}: {{An Introduction}} to a {{Polynesian Outlier Language}}},
  author = {Dougherty, Janet W. D.},
  year = {1983},
  volume = {102},
  pages = {713},
  publisher = {{University of California Press}},
  address = {{Berkeley}},
  class_loc = {PL6436},
  document_type = {B},
  hhtype = {grammar},
  inlg = {English [eng]},
  isbn = {978-0-520-09657-8},
  languageid = {444},
  lgcode = {Futuna-Aniwa [fut]},
  macro_area = {Papunesia},
  mpi_eva_library_shelf = {PL 6436 DOU 1983},
  oclc = {702432616},
  series = {University of {{California}} Publications in Linguistics},
  src = {autotyp, hh, mpieva, wals},
  subject_headings = {Dictionaries, English English language \textendash{} Dictionaries \textendash{} Futuna-Aniwa, English language Futuna-Aniwa, Futuna-Aniwa language, Futuna-Aniwa language \textendash{} Dictionaries \textendash{} English, Futuna-Aniwa language \textendash{} Grammar, Grammar, Dictionaries \textendash{} English English language \textendash{} Dictionaries \textendash{} Futuna-Aniwa \textendash{} English language Futuna-Aniwa \textendash{} Futuna-Aniwa language \textendash{} Futuna-Aniwa language \textendash{} Dictionaries \textendash{} English \textendash{} Futuna-Aniwa language \textendash{} Grammar \textendash{} Grammar}
}

@article{dryer1989large,
  title = {Large {{Linguistic Areas}} and {{Language Sampling}}},
  author = {Dryer, Matthew S},
  year = {1989},
  volume = {13},
  pages = {257--292},
  publisher = {{John Benjamins}},
  journal = {Studies in Language. International Journal sponsored by the Foundation ``Foundations of Language''},
  number = {2}
}

@phdthesis{duhamel2020raga,
  title = {Variation in {{Raga}}: {{A}} Quantitative and Qualitative Study of the Language of {{North Pentecost}}, {{Vanuatu}}},
  author = {Duhamel, Marie-France},
  year = {2020},
  school = {Department of Culture, History and Language, College of Asia-Pacific, The Australian National University},
  type = {{{PhD Thesis}} (under Examination)}
}

@article{dunn2008,
  ids = {dunnetal2008},
  title = {Structural {{Phylogeny}} in {{Historical Linguistics}}: {{Methodological}} {{Explorations Applied}} in {{Island Melanesia}}},
  author = {Dunn, Michael and Levinson, Stephen C and Lindstr{\"o}m, Eva and Reesink, Ger and Terrill, Angela},
  year = {2008},
  volume = {84},
  pages = {710--759},
  journal = {Language},
  number = {4},
  page = {710-759}
}

@article{dunn2011evolved,
  ids = {dunn\_order\_2011},
  title = {Evolved {{Structure}} of {{Language Shows Lineage}}-{{Specific Trends}} in {{Word}}-{{Order Universals}}},
  booktitle = {Nature},
  author = {Dunn, Michael and Greenhill, Simon J and Levinson, Stephen C and Gray, Russell D},
  year = {2011},
  volume = {473},
  pages = {79},
  publisher = {{Nature Publishing Group}},
  journal = {Nature},
  number = {7345}
}

@article{dunnetal2005,
  title = {Structural {{Phylogenetics}} and the {{Reconstruction}} of {{Ancient Language History}}},
  author = {Dunn, Michael and Terrill, Angela and Reesink, Ger and Foley, Robert A. and Levinson, Stephen C.},
  year = {2005},
  month = sep,
  volume = {309},
  pages = {2072--2075},
  issn = {0036-8075, 1095-9203},
  doi = {10.1126/science.1114615},
  copyright = {American Association for the Advancement of Science},
  journal = {Science},
  language = {English},
  number = {5743}
}

@incollection{dunnreesink2012,
  title = {Systematic {{Typological Comparison}} as a {{Tool}} for {{Investigating Language History}}},
  booktitle = {Language {{Documentation}} \& {{Conservation Special Publication No}} 5: {{Melanesian}} {{Languages}} on the {{Edge}} of {{Asia}}: {{Challenges}} for the 21st {{Century}}},
  author = {Reesink, Ger and Dunn, Michael},
  editor = {Evans, Nicholas and Klamer, Marian},
  year = {2012},
  pages = {34--71},
  publisher = {{University of Hawai`i Press}},
  page = {34-71}
}

@article{duranti1981speechmaking,
  title = {Speechmaking and the {{Organisation}} of {{Discourse}} in a {{Samoan Fono}}},
  author = {Duranti, Alessandro},
  year = {1981},
  volume = {90},
  pages = {357--400},
  publisher = {{JSTOR}},
  journal = {The Journal of the Polynesian Society},
  number = {3}
}

@book{duranti81,
  title = {The {{Samoan Fono}}, a {{Sociolinguistic Study}}},
  author = {Duranti, Alessandro},
  year = {1981},
  publisher = {{Pacific Linguistics}},
  address = {{Canberra}},
  bibtexkey = {duranti\textsubscript{s}amoan-fono1981},
  class_loc = {PL6501},
  document_type = {B},
  hhtype = {socling},
  inlg = {English [eng]},
  inlg_code = {eng},
  isbn = {978-0-85883-248-0},
  macro_area = {Papua},
  mpi_eva_library_shelf = {PL 6501 DUR 1981},
  src = {mpieva},
  srctrickle = {mpievaDuranti1981TheSamoa}
}

@article{duranti83,
  title = {Samoan {{Speechmaking}} across {{Social Events}}: {{One Genre}} in and out of a {{Fono}}},
  author = {Duranti, Alessandro},
  year = {1983},
  volume = {12},
  pages = {1--22},
  journal = {Language in Society},
  number = {1}
}

@incollection{durantiochs86,
  title = {Literacy {{Instruction}} in a {{Samoan Village}}},
  booktitle = {Acquisition of {{Literacy}}: {{Ethnographic Perspectives}}},
  author = {Duranti, Alexander and Ochs, Elinor},
  editor = {Schieffelin, B. and Gilmore, Perry},
  year = {1986},
  publisher = {{Ablex Publishing Corporation}}
}

@book{EA_1971,
  title = {Ethnographic {{Atlas}}},
  author = {Murdock, G. P.},
  year = {1962},
  volume = {I-XXVII},
  publisher = {{University of Pittsburgh Press}}
}

@article{ecoclimate,
  title = {{{ecoClimate}}: {{A Database}} of {{Climate Data}} from {{Multiple Models}} for {{Past}}, {{Present}}, and {{Future}} for {{Macroecologists}} and {{Biogeographers}}},
  author = {{Lima-Ribeiro}, Matheus S. and Varela, Sara and {Gonz{\'a}lez-Hern{\'a}ndez}, Javier and {de Oliveira}, Guilherme and {Diniz-Filho}, Jos{\'e} Alexandre F and Terribile, Levo Caroma},
  year = {2015},
  volume = {10},
  pages = {1--21},
  journal = {Biodiversity Informatics},
  page = {1-21}
}

@article{edmonds_1967,
  title = {Optimum {{Branchings}}},
  author = {Edmonds, J.},
  year = {1967},
  volume = {71B},
  pages = {233--240},
  journal = {Journal of Research of the National Bureau of Standards},
  number = {4},
  page = {233-240}
}

@book{Elbert_pukui_1979,
  title = {Hawaiian {{Grammar}}},
  author = {Elbert, Samuel H. and Pukui, Mary Kawena},
  year = {1979},
  pages = {xvii+193},
  publisher = {{University of Hawaii Press}},
  address = {{Honolulu}},
  inlg = {English [eng]},
  isbn = {978-0-8248-0494-7},
  iso_code = {haw},
  keywords = {Hawaiian},
  lgcode = {Hawaiian [haw]},
  macro_area = {Papunesia},
  mpi_eva_library_shelf = {PL 6443 ELB 1979},
  oclc = {604560162},
  olac_field = {general\textsubscript{l}inguistics},
  refdb_id = {http://wals.info/refdb/record/239},
  src = {guldemann, hh, mpieva, phoible, wals},
  subject_headings = {Hawaiian language-Grammar, Hawaiian language-Grammar},
  wals_code = {haw}
}

@book{elbert_renell_1988,
  title = {Echo of a {{Culture}}: {{A Grammar}} of {{Rennell}} and {{Bellona}}},
  author = {Elbert, Samuel H.},
  year = {1988},
  volume = {22},
  pages = {xix+305},
  publisher = {{University of Hawaii Press}},
  address = {{Honolulu}},
  hhtype = {grammar},
  inlg = {English [eng]},
  isbn = {978-0-8248-1205-8},
  lgcode = {Rennell-Belona [mnv]},
  macro_area = {Papunesia},
  mpi_eva_library_shelf = {PL 6500 ELB 1988},
  oclc = {747259067},
  series = {Oceanic {{Linguistics Special Publication}}},
  src = {hh, mpieva},
  subject_headings = {Grammar, Rennellese language, Rennellese language \textendash{} Grammar, Grammar \textendash{} Rennellese language \textendash{} Rennellese language \textendash{} Grammar}
}

@phdthesis{ellis2012saipan,
  title = {Saipan {{Carolinian}}, {{One}} {{Chuukic}} {{Language Blended}} from {{Many}}},
  author = {Ellis, S James},
  year = {2012},
  school = {University of Hawaii at Manoa},
  type = {{{PhD Thesis}}}
}

@article{ellison2017language,
  title = {Language {{Monitoring}} in {{Bilinguals}} as a {{Mechanism}} for {{Rapid Lexical Divergence}}},
  author = {Ellison, T Mark and Miceli, Luisa},
  year = {2017},
  volume = {93},
  pages = {255--287},
  publisher = {{Linguistic Society of America}},
  journal = {Language},
  number = {2}
}

@book{enfield2015,
  title = {Natural {{Causes}} of {{Language}}: {{Frames}}, {{Biases}}, and {{Cultural Transmission}}},
  author = {Enfield, N.J.},
  year = {2015},
  volume = {1},
  publisher = {{Language Science Press}},
  address = {{Berlin}},
  series = {Conceptual {{Foundations}} of {{Language Science}}}
}

@book{ethnologue2005,
  title = {Ethnologue: {{Languages}} of the {{World}}, {{Seventeenth Edition}}},
  editor = {Gordon RG, Jr},
  year = {2014},
  publisher = {{SIL international}},
  address = {{Dallas, Texas}},
  url = {http://www.ethnologue.com/},
  howpublished = {URL: http://www.ethnologue.com/}
}

@book{ethnologue2016,
  title = {Ethnologue: {{Languages}} of the {{World}}},
  editor = {Lewis, Paul M. and Simons, Gary F. and Fennig, Charles D.},
  year = {2016},
  edition = {Nineteenth},
  publisher = {{SIL international}},
  address = {{Dallas, Texas}},
  url = {http://www.ethnologue.com/},
  howpublished = {URL: http://www.ethnologue.com/},
  key = {Paul M. Lewis AND Gary F. Simons AND Charles D. Fennig}
}

@incollection{ethnologue2019lgident,
  title = {The {{Problem}} of {{Language Identification}}},
  booktitle = {Ethnologue: {{Languages}} of the {{World}}},
  author = {Eberhard, David M and Simons, Gary F. and Fennig, Charles D.},
  editor = {Eberhard, David M and Simons, Gary F. and Fennig, Charles D.},
  year = {2019},
  edition = {Twenty-second},
  publisher = {{SIL international}},
  address = {{Dallas, Texas}},
  url = {https://www.ethnologue.com/about/problem-language-identification},
  howpublished = {URL: http://www.ethnologue.com/}
}

@book{ethnologue22,
  title = {Ethnologue: {{Languages}} of the {{World}}},
  editor = {Eberhard, David M and Simons, Gary F. and Fennig, Charles D.},
  year = {2019},
  edition = {Twenty-second},
  publisher = {{SIL international}},
  address = {{Dallas, Texas}},
  url = {https://www.ethnologue.com},
  howpublished = {URL: http://www.ethnologue.com/}
}

@book{ethnologue23,
  title = {Ethnologue: {{Languages}} of the {{World}}},
  editor = {Eberhard, David M and Simons, Gary F. and Fennig, Charles D.},
  year = {2020},
  edition = {Twenty-third},
  publisher = {{SIL international}},
  address = {{Dallas, Texas}},
  url = {https://www.ethnologue.com},
  howpublished = {URL: http://www.ethnologue.com/}
}

@inproceedings{evans_meyerhoff_nwav14,
  title = {All the {{Way}} up, {{All}} the {{Way}} down: {{Bridging Micro}}-{{Variation}} and {{Macro}}-{{Variation}}},
  booktitle = {New {{Ways}} of {{Analyzing Variation}} - {{Asia Pacific}} 4},
  author = {Evans, Nicholas and Meyerhoff, Miriam},
  year = {2016},
  address = {{Chiayi, Taiwan}}
}

@phdthesis{evans2003study,
  title = {A {{Study}} of {{Valency}}-{{Changing Devices}} in {{Proto Oceanic}}},
  author = {Evans, Bethwyn},
  year = {2001},
  school = {Research School of Pacific and Asian Studies, The Australian National University},
  type = {{{PhD Thesis}}}
}

@article{evans2016typology,
  ids = {evans2016},
  title = {Typology and {{Coevolutionary Linguistics}}},
  author = {Evans, Nicholas},
  year = {2016},
  volume = {20},
  pages = {505--520},
  publisher = {{De Gruyter}},
  journal = {Linguistic Typology},
  number = {3}
}

@article{evans2017did,
  title = {Did {{Language Evolve}} in {{Multilingual Settings}}?},
  author = {Evans, Nicholas},
  year = {2017},
  volume = {32},
  pages = {905--933},
  publisher = {{Springer}},
  journal = {Biology \& Philosophy},
  number = {6}
}

@incollection{evansaustralia_2019,
  title = {Australia and {{New Guinea}}: {{Sundered}} {{Hemi}}-{{Continents}} of {{Sound}}},
  booktitle = {Proceedings of the 19th {{International Congress}} of {{Phonetic Sciences}}},
  author = {Evans, Nicholas},
  editor = {Calhoun, Sasha and Warren, Paul and Escudero, Paola and Tabain, Marija},
  year = {2019},
  pages = {16--19},
  publisher = {{Australasian Speech Science and Technology Association Inc}},
  address = {{Canberra, Australia}}
}

@article{evanslevinson2009,
  title = {The {{Myth}} of {{Language Universals}}: {{Language}} {{Diversity}} and {{Its Importance}} for {{Cognitive Science}}},
  author = {Levinson, Nicholas Evans Steven C.},
  year = {2009},
  volume = {32},
  journal = {Behavioral and Brain Sciences},
  number = {5},
  page = {429-492}
}

@book{faaniu1983tuvalu,
  title = {Tuvalu: {{A}} {{History}}},
  author = {Faaniu, Simati},
  year = {1983},
  publisher = {{University of South Pacific}}
}

@book{feinberg_anuta,
  title = {The {{Anutan Language Reconsidered}}: {{Lexicon}} and {{Grammar}} of a {{Polynesian Outlier}}},
  author = {Feinberg, Richard},
  year = {1977},
  pages = {138+140},
  publisher = {{Human Relations Area Files}},
  address = {{New Haven, Connecticut}},
  inlg = {English [eng]},
  lgcode = {Anuta [aud]},
  macro_area = {Papunesia},
  mpi_eva_library_shelf = {PL 6425 FEI 1977 -...},
  oclc = {833716827},
  series = {{{HRAFlex Books}}: {{Language}} and {{Literature Series}}: {{OT1}}-001},
  src = {hh, mpieva},
  subject_headings = {Anuta language, Anuta language}
}

@article{felsenstein1985phylogenies,
  title = {Phylogenies and the {{Comparative Method}}},
  author = {Felsenstein, Joseph},
  year = {1985},
  volume = {125},
  pages = {1--15},
  publisher = {{University of Chicago Press}},
  journal = {The American Naturalist},
  number = {1}
}

@book{felsenstein2004inferring,
  title = {Inferring {{Phylogenies}}},
  author = {Felsenstein, Joseph},
  year = {2004},
  volume = {2},
  publisher = {{Sinauer Associates}},
  address = {{Sunderland, MA}}
}

@misc{field_samoan_war,
  title = {{{TALES OF TIME}} - the {{Samoan War You Didn}}'t {{Know About}}},
  author = {Field, Michael},
  year = {2019},
  url = {https://www.thecoconet.tv/know-your-roots/tales-of-time/tales-of-time-the-samoan-war-you-didnt-know/}
}

@book{fischer_2000_poss_central,
  title = {Possessive {{Markers}} in {{Central Pacific Languages}}},
  editor = {Fischer, Steven R.},
  year = {2000},
  publisher = {{Akademie Verlag}},
  address = {{Berlin}},
  number = {53},
  series = {Special {{Issue}} of {{Sprachtypologie Und Universalienforschung}}}
}

@article{fisher1912absolute,
  title = {On an {{Absolute Criterion}} for {{Fitting Frequency Curves}}},
  author = {Fisher, Ronald A},
  year = {1912},
  volume = {41},
  pages = {155--156},
  journal = {Messenger of Mathematics}
}

@article{fontinelle_1976,
  title = {La {{Langue Houa\"iloi}} ({{Nouvelle}}-{{Cal\'edonie}})},
  author = {Fontinelle, Jacqueline La},
  year = {1976},
  publisher = {{Soci\'et\'e d'\'etudes linguistiques et anthropologiques de France}},
  address = {{Paris}},
  journal = {Langues et civilisations \`a tradition oral},
  number = {17}
}

@inproceedings{francois2006vanikoro,
  title = {Are {{Vanikoro Languages Really Austronesian}}?},
  booktitle = {2nd {{Austronesian Languages}} and {{Linguistics Conference}} ({{ALL2}}), {{Oxford}}, {{June}} 2-3 2006},
  author = {Fran{\c c}ois, Alexandre},
  year = {2006}
}

@article{francois2011,
  title = {Social {{Ecology}} and {{Language History}} in the {{Northern}} {{Vanuatu}} {{Linkage}} - {{A}} {{Tale}} of {{Divergence}} and {{Convergence}}},
  author = {Fran{\c c}ois, Alexandre},
  year = {2011},
  volume = {1},
  pages = {175--246},
  journal = {Journal of Historical Linguistics},
  number = {2},
  page = {175\textendash 246}
}

@incollection{francoisetatl2015,
  title = {The {{Exceptional Linguistic Density}} of {{Vanuatu}}},
  booktitle = {The {{Languages}} of {{Vanuatu}}: {{Unity}} and {{Diversity}}},
  author = {Fran{\c c}ois, A and Franjieh, M. and Lacrampe, S. and Schnell, S.},
  editor = {Fran{\c c}ois, A. and Lacrampe, S. and Franjieh, M. and Schnell, S.},
  year = {2015},
  pages = {1--21},
  publisher = {{Asia Pacific Linguistics Open Access}},
  address = {{Canberra}},
  number = {5},
  page = {1?21},
  series = {Studies in the {{Languages}} of {{Island Melanesia}}}
}

@misc{furrer2009package,
  title = {Package `{{Fields}}'},
  booktitle = {R {{Foundation}} for {{Statistical Computing}}, {{Vienna}}, {{Austria}}.},
  author = {Nychka, Douglas and Furrer, Reinhard and Paige, John and Sain, Stephen and Gerber, Florian and Iverson, Matthew and {University Corporation for Atmospheric Research}},
  year = {2009},
  url = {https://CRAN.R-project.org/package=fields}
}

@article{hillebrand2004generality,
  title={On the generality of the latitudinal diversity gradient},
  author={Hillebrand, Helmut},
  journal={The American Naturalist},
  volume={163},
  number={2},
  pages={192--211},
  year={2004},
  publisher={The University of Chicago Press}
}

@article{gavin2012island,
  title = {The {{Island Biogeography}} of {{Languages}}},
  author = {Gavin, Michael C and Sibanda, Nokuthaba},
  year = {2012},
  volume = {21},
  pages = {958--967},
  publisher = {{Wiley Online Library}},
  journal = {Global Ecology and Biogeography},
  number = {10}
}

@article{gavin2013toward,
  title = {Toward a {{Mechanistic Understanding}} of {{Linguistic Diversity}}},
  author = {Gavin, Michael C and Botero, Carlos A and Bowern, Claire and Colwell, Robert K and Dunn, Michael and Dunn, Robert R and Gray, Russell D and Kirby, Kathryn R and McCarter, Joe and Powell, Adam and Rangel, Thiago F. and Stepp, John R. and Trautwein, Michelle and Verdolin, Jennifer L. and Yanega, Gregor},
  year = {2013},
  volume = {63},
  pages = {524--535},
  publisher = {{American Institute of Biological Sciences Circulation, AIBS, 1313 Dolley Madison Blvd., Suite 402, McLean, VA 22101. USA}},
  journal = {BioScience},
  number = {7}
}

@article{gavin2017process,
  title = {Process-{{Based Modelling Shows How Climate}} and {{Demography Shape Language Diversity}}},
  author = {Gavin, Michael C and Rangel, Thiago F and Bowern, Claire and Colwell, Robert K and Kirby, Kathryn R and Botero, Carlos A and Dunn, Michael and Dunn, Robert R and McCarter, Joe and Pacheco Coelho, Marco T{\'u}lio and {Russell D. Gray}},
  year = {2017},
  volume = {26},
  pages = {584--591},
  publisher = {{Wiley Online Library}},
  journal = {Global Ecology and Biogeography},
  number = {5}
}

@article{georgiadis2003arborescence,
  title = {Arborescence {{Optimization Problems Solvable}} by {{Edmonds}}' {{Algorithm}}},
  author = {Georgiadis, Leonidas},
  year = {2003},
  volume = {301},
  pages = {427--437},
  publisher = {{Elsevier}},
  journal = {Theoretical Computer Science},
  number = {1-3}
}

@article{giuliano2018ancestral,
  title = {Ancestral {{Characteristics}} of {{Modern Populations}}},
  author = {Giuliano, Paola and Nunn, Nathan},
  year = {2018},
  volume = {33},
  pages = {1--17},
  publisher = {{Taylor \& Francis}},
  journal = {Economic History of Developing Regions},
  number = {1}
}

@book{gladwin2009east,
  title = {East {{Is}} a {{Big Bird}}: {{Navigation}} and {{Logic}} on {{Puluwat Atoll}}},
  author = {Gladwin, Thomas and Gladwin, Thomas},
  year = {2009},
  publisher = {{Harvard University Press}}
}

@book{glottolog3,
  title = {Glottolog 3.0},
  editor = {Hammarstr{\"o}m, Harald and Forkel, Robert and Haspelmath, Martin},
  year = {2017},
  publisher = {{Max Planck Institute for the Science of Human History}},
  address = {{Jena}}
}

@misc{glottolog40,
  title = {Glottolog/{{Glottolog}}: {{Glottolog}} {{Database}} 4.0},
  author = {Hammarstr{\"o}m, Harald and Forkel, Robert and Haspelmath, Martin},
  year = {2019},
  month = jun,
  publisher = {{Zenodo}},
  url = {https://doi.org/10.5281/zenodo.3260726},
  version = {v4.0}
}

@incollection{glottologlanguoids,
  ids = {glottolog40lgident},
  title = {About {{Languoids}}},
  booktitle = {Glottolog 4.1 ({{Website}})},
  author = {Hammarstr{\"o}m, Harald and Forkel, Robert and Haspelmath, Martin and Bank, Sebastian},
  editor = {Hammarstr{\"o}m, Harald and Forkel, Robert and Haspelmath, Martin and Bank, Sebastian},
  year = {2020},
  publisher = {{Max Planck Institute for the Science of Human History}},
  address = {{Jena}},
  doi = {10.5281/zenodo.3260726},
  version = {v4.0}
}

@misc{glottopedia,
  title = {Glottopedia - the {{Free Encyclopedia}} of {{Linguistics}} [{{Accessed}} on 2014-03-12]},
  author = {{Glottopedia}},
  year = {2014},
  url = {http://www.glottopedia.org}
}

@inproceedings{goddard1993algonquian,
  title = {Contamination in {{Morphological Change}} in {{Algonquian Languages}}},
  booktitle = {Historical {{Linguistics}} 1989: {{Papers}} from the 9th {{International Conference}} on {{Historical Linguistics}}, {{New Brunswick}}, 14-18 {{August}} 1989},
  author = {Goddard, Ives},
  editor = {Aertsen, Henk and Jeffers, Robert J},
  year = {1993},
  pages = {129--140},
  organization = {{John Benjamins Publishing}}
}

@article{GOLDfarrar2003linguistic,
  title = {A {{Linguistic Ontology}} for the {{Semantic Web}}},
  author = {Farrar, Scott and Langendoen, D Terence},
  year = {2003},
  volume = {7},
  pages = {97--100},
  journal = {GLOT international},
  number = {3}
}

@article{gooskens2017measuring,
  title = {Measuring {{Cross}}-{{Linguistic Intelligibility}} in the {{Germanic}}, {{Romance}} and {{Slavic}} {{Language Groups}}},
  author = {Gooskens, Charlotte and {van Heuven}, Vincent J},
  year = {2017},
  volume = {89},
  pages = {25--36},
  publisher = {{Elsevier}},
  journal = {Speech Communication}
}

@article{GOSLING201853,
  title = {The {{Evolutionary History}} and {{Human Settlement}} of {{Australia}} and the {{Pacific}}},
  author = {Gosling, Anna L and {Matisoo-Smith}, Elizabeth A},
  year = {2018},
  volume = {53},
  pages = {53--59},
  issn = {0959-437X},
  doi = {10.1016/j.gde.2018.06.015},
  journal = {Current Opinion in Genetics \& Development}
}

@article{gower1971,
  title = {A {{General Coefficient}} of {{Similarity}} and {{Some}} of {{Its Properties}}},
  author = {Gower, J. C.},
  year = {1971},
  volume = {27},
  pages = {857--871},
  publisher = {{[Wiley, International Biometric Society]}},
  issn = {0006341X, 15410420},
  url = {http://www.jstor.org/stable/2528823},
  journal = {Biometrics},
  number = {4}
}

@article{grace_1992_aberrant,
  title = {How {{Do Languages Change}}? ({{More}} on "{{Aberrant}}" {{Languages}})},
  author = {Grace, George W.},
  year = {1992},
  volume = {31},
  pages = {115--130},
  publisher = {{University of Hawai'i Press}},
  issn = {00298115, 15279421},
  url = {http://www.jstor.org/stable/3622968},
  journal = {Oceanic Linguistics},
  number = {1}
}

@incollection{grace1981indirect,
  title = {Indirect {{Inheritance}} and the {{Aberrant}} {{Melanesian}} {{Languages}}},
  booktitle = {Studies in {{Pacific Languages}} and {{Cultures}}},
  author = {Grace, George W},
  editor = {Hollyman, J. and Pawley, A.},
  year = {1981},
  pages = {255--268},
  publisher = {{Linguistic Society of New Zealand}},
  address = {{Auckland}}
}

@article{grafen1989phylogenetic,
  title = {The {{Phylogenetic Regression}}},
  author = {Grafen, Alan},
  year = {1989},
  volume = {326},
  pages = {119--157},
  publisher = {{The Royal Society London}},
  journal = {Philosophical Transactions of the Royal Society of London. B, Biological Sciences},
  number = {1233}
}

@unpublished{grambank_release,
  title = {Grambank Reveals Global Patterns in the Structural Diversity of the World's Languages},
  author = {Skirg{\aa}rd, Hedvig and Haynie, Hannah J. and Hammarstr{\"o}m, Harald and Haspelmath, Martin and Blasi, Dami{\'a}n E. and Collins, Jeremy and {Witzlack-Makarevich}, Alena and Lesage, Jakob and Latarche, Jay J. and Reesink, Ger and Dunn, Michael and Singer, Ruth and Bowern, Claire and Epps, Patience and Hill, Jane and Abbas, Karolin and Bakker, Nancy and Barbos, Giulia and Borges, Robert and Danielsen, Swintha and {de Sousa}, Hil{\'a}rio and {de Vos}, Hugo and Dorenbusch, Luise and Falcone, Giada and Ate, Yustinus Ghanggo and Gibson, Hannah and G{\"o}bel, Hans-Philipp and Goodall, Jemima and Harvey, Andrew and Hayes, Rebekah H. and Herrera, Roberto and H{\"u}bler, Nataliia and {Huntington-Rainey}, Biu and Johns, Marilen and Just, Erika and Kashima, Eri and Khoodoruth, Aarifah and Kipf, Carolina and Klingenberg, Janina and Koti, Katerina and Kowalik, Richard and Krasnoukhova, Olga and Lindvall, Nora and Lorenzen, Mandy and Martins, T{\^a}nia and Muradoglu, Saliha and Nickel, Johanna and Oluoch, Cheryl Akinyi and Peacock, Jesse and Pearey, India and Peck, Naomi and Petit, Stephanie F. E. and Pieper, S{\"o}ren and Prestipino, Daniel and Raabe, Linda and Raja, Amna and Ruppert, Eloisa and Schembri, Rhiannon and Schmidt, Frederick and Sverredal, Kristin and {van der Meer}, Suzanne and Weber, Tobias and Winkler, Jana and Witte, Tim and Wu, Henry and Yam, Stephanie and Yong, Maisie and Yuditha, Tessa and Evans, Nicholas and Forkel, Robert and Levinson, Stephen C. and Greenhill, Simon J. and Atkinson, Quentin D. and Gray, Russell D.},
  year = {unpublished},
  note = {unpublished}
}

@incollection{gray_greenhill_defend_bayes,
  title = {Austronesian {{Language Phylogenies}}: {{Myths}} and {{Misconceptions}} about {{Bayesian}} {{Computational Methods}}},
  booktitle = {Austronesian {{Historical Linguistics}} and {{Culture History}}: {{A Festschrift}} for {{Robert Blust}}},
  author = {Greenhill, Simon and Gray, Russell},
  editor = {Adelaar, Alexander and Pawley, Andrew},
  year = {2009},
  pages = {375--397},
  publisher = {{Pacific Linguistics}},
  address = {{Canberra}}
}

@article{gray_shape_fabric_delta_scores,
  title = {On the {{Shape}} and {{Fabric}} of {{Human History}}},
  author = {Gray, Russell D. and Bryant, David and Greenhill, Simon J.},
  year = {2010},
  volume = {365},
  pages = {3923--3933},
  journal = {Philosophical Transactions of the Royal Society B},
  page = {3923\textendash 3933}
}

@article{gray1998ethnographic,
  title = {Ethnographic {{Atlas Codebook}}},
  author = {Gray, J Patrick},
  year = {1998},
  volume = {10},
  pages = {86--136},
  journal = {World Cultures},
  number = {1}
}

@article{gray2011language,
  title = {Language {{Evolution}} and {{Human History}}: {{What}} a {{Difference}} a {{Date Makes}}},
  author = {Gray, Russell D and Atkinson, Quentin D and Greenhill, Simon J},
  year = {2011},
  volume = {366},
  pages = {1090--1100},
  publisher = {{The Royal Society}},
  journal = {Philosophical Transactions of the Royal Society B: Biological Sciences},
  number = {1567}
}

@article{grayetal_2009,
  title = {Language {{Phylogenies Reveal Expansion Pulses}} and {{Pauses}} in {{Pacific}} {{Settlement}}},
  author = {Gray, R.D. and Drummond, A.J. and Greenhill, S.J.},
  year = {2009},
  volume = {323},
  pages = {479--483},
  journal = {Science},
  page = {479-483}
}

@incollection{green1991near,
  title = {Near and {{Remote Oceania}}: {{Disestablishing}} "{{Melanesia}}" in {{Culture History}}},
  booktitle = {Man and a {{Half}}: {{Essays}} in {{Pacific Anthropology}} and {{Ethnobotany}} in Honour of {{Ralph Bulmer}}},
  author = {Green, Roger},
  editor = {Pawley, A},
  year = {1991},
  pages = {491--502},
  publisher = {{The Polynesian Society}}
}

@article{greenhill2011pollex,
  title = {{{POLLEX}}-{{Online}}: {{The}} {{Polynesian Lexicon Project Online}}},
  author = {Greenhill, Simon J and Clark, Ross},
  year = {2011},
  volume = {50},
  pages = {551--559},
  publisher = {{University of Hawai'i Press}},
  journal = {Oceanic Linguistics},
  number = {2}
}

@incollection{greenhill2015demographic,
  ids = {greenhill2014},
  title = {Demographic {{Correlates}} of {{Language Diversity}}},
  booktitle = {The {{Routledge Handbook}} of {{Historical Linguistics}}},
  author = {Greenhill, Simon},
  editor = {Bowern, Claire and Evans, Bethwyn},
  year = {2015},
  pages = {557--578},
  publisher = {{Routledge Taylor \& Francis Group}},
  address = {{Abingdon, UK and New York, USA}},
  page = {557 - 578}
}

@incollection{greenhill2015evolution,
  title = {Evolution and {{Language}}: {{Phylogenetic}} {{Analyses}}},
  booktitle = {The {{International Encyclopaedia}} of the {{Social}} and {{Behavioural Sciences}}},
  author = {Greenhill, Simon},
  editor = {Wright, JD},
  year = {2015},
  edition = {Second},
  publisher = {{Elsevier}},
  address = {{Oxford}},
  page = {557 - 578}
}


@article{atkinson2005curious,
  title={Curious parallels and curious connections—phylogenetic thinking in biology and historical linguistics},
  author={Atkinson, Quentin D and Gray, Russell D},
  journal={Systematic biology},
  volume={54},
  number={4},
  pages={513--526},
  year={2005},
  publisher={Society of Systematic Zoology}
}

@book{schlegel1808sprache,
  title={{\"U}ber die Sprache und Weisheit der Indier: Ein Beitrag zur Begr{\"u}ndung der Alterthumskunde},
  author={Schlegel, F.},
  year={1808},
  address={Heidelberg},
  publisher={Mohr und Zimmer}
}

@book{darwin2008descent,
  title={The descent of man, and selection in relation to sex},
  author={Darwin, Charles},
  year={1871},
  publisher={Murray},
  address={London},
}

@book{darwin1859origin,
  title={On the Origin of Species by Means of Natural Selection, or the Preservation of Favoured Races in the Struggle for Life},
  author={Darwin, Charles},
  address={London},
  publisher={Murray},
  year={1859}
}


@article{lamarck1809philosophie,
  title={Philosophie zoologique, ou exposition des consid{\'e}rations relatives {\`a} l’histoire naturelle des animaux, 2 voll., Dentu, Paris; trad. it. parz},
  author={Lamarck, Jean-Baptiste},
  journal={Filosofia zoologica. Prima parte},
  year={1809}
}


@article{greenhilletal_2017,
  title = {The {{Evolutionary Dynamics}} of {{Language Systems}}},
  author = {Greenhill, Simon J. and Wu, Chieh-Hsi and Hua, Xia and Dunn, Michael and Levinson, Stephen and Gray, Russell},
  year = {2017},
  volume = {114},
  pages = {E8822-E8829},
  journal = {PNAS - Proceedings of the National Academy of Sciences},
  number = {42}
}

@article{Grollemund13296,
  title = {Bantu {{Expansion Shows That Habitat Alters}} the {{Route}} and {{Pace}} of {{Human Dispersals}}},
  author = {Grollemund, Rebecca and Branford, Simon and Bostoen, Koen and Meade, Andrew and Venditti, Chris and Pagel, Mark},
  year = {2015},
  volume = {112},
  pages = {13296--13301},
  publisher = {{National Academy of Sciences}},
  issn = {0027-8424},
  doi = {10.1073/pnas.1503793112},
  eprint = {https://www.pnas.org/content/112/43/13296.full.pdf},
  journal = {Proceedings of the National Academy of Sciences},
  number = {43}
}

@incollection{gumperz1971convergence,
  title = {Convergence and {{Creolization}}},
  booktitle = {Pidginization and {{Creolization}} of {{Languages}}: {{Proceedings}} of a {{Conference Held}} at the {{University}} of the {{West Indies}}, {{Mona}}, {{Jamaica}}, {{April}}, 1968},
  author = {Gumperz, John J and Wilson, Robert},
  year = {1971},
  pages = {151--167},
  publisher = {{Cambridge Univ. Press Cambridge}}
}

@article{hale_1968,
  title = {Review of {{Hohepa}} 1967},
  author = {Hale, Kenneth},
  year = {1968},
  volume = {77},
  pages = {83--99},
  journal = {Journal of the Polynesian Society},
  number = {1},
  page = {83-99}
}

@article{hammarstrom2018simultaneous,
  title = {Simultaneous {{Visualization}} of {{Language Endangerment}} and {{Language Description}}},
  author = {Hammarstr{\"o}m, Harald and Castermans, Thom and Forkel, Robert and Verbeek, Kevin and Westenberg, Michel A and Speckmann, Bettina},
  year = {2018},
  volume = {12},
  pages = {359--392},
  journal = {Language Documentation \& Conservation}
}

@article{hamming1950error,
  title = {Error {{Detecting}} and {{Error Correcting Codes}}},
  author = {Hamming, Richard W},
  year = {1950},
  volume = {29},
  pages = {147--160},
  publisher = {{Nokia Bell Labs}},
  journal = {The Bell System Technical Journal},
  number = {2}
}

@incollection{harald_loretta_depend,
  title = {Dependency {{Sensitive Typological Distance}}},
  booktitle = {Approaches to {{Measuring Linguistic Differences}}},
  author = {Hammarstr{\"o}m, Harald and O'Connor, Loretta},
  editor = {Borin, Lars and Saxena, Anju},
  year = {2016},
  pages = {329--352},
  publisher = {{De Gruyter Mouton}}
}

@incollection{haraldmutual,
  title = {Counting {{Languages}} in {{Dialect Continua Using}} the {{Criterion}} of {{Mutual Intelligibility}} ({{Corrected}} {{Version}} of {{Hammarstr\"om}}, {{H}}. (2008). {{Counting}} {{Languages}} in {{Dialect Continua Using}} the {{Criterion}} of {{Mutual Intelligibility}}. {{Journal}} of {{Quantitative Linguistics}}, 15(1):34-45)},
  booktitle = {Unsupervised {{Learning}} of {{Morphology}} and the {{Languages}} of the {{World}} ({{PhD}} {{Dissertation}} from {{Chalmers}}, {{Gothenburg}})},
  author = {Hammarstr{\"o}m, Harald},
  year = {2009},
  publisher = {{Chalmers University of Technology and University of Gothenburg}}
}

@article{harlow1973regional,
  title = {Regional {{Variation}} in {{Maori}}},
  author = {Harlow, Ray B},
  year = {1973},
  volume = {1},
  pages = {123--138},
  journal = {New Zealand Journal of Archaeology}
}

@article{harlow2000possessive,
  title = {Possessive {{Markers}} in {{M\=aori}}},
  author = {Harlow, Ray},
  year = {2000},
  volume = {53},
  pages = {357--370},
  publisher = {{De Gruyter}},
  journal = {Sprachtypol. Univ. Forsch (STUF). - Language Typology and Universals},
  number = {3-4}
}

@inproceedings{haspelmath2017toward,
  title = {Toward a {{Standard List}} of {{Grammatical Comparative Concepts}}: {{The Grammaticon}}},
  booktitle = {{{SLE}} 2017},
  author = {Haspelmath, Martin and Forkel, R},
  year = {2017},
  number = {2}
}

@incollection{haspelmath2018comparative,
  title = {How {{Comparative Concepts}} and {{Descriptive Linguistic Categories Are Different}}},
  booktitle = {Aspects of {{Linguistic Variation}}},
  author = {Haspelmath, Martin},
  editor = {Olmen, D. V. and Mortelmans, T. and Brisard, F.},
  year = {2018},
  pages = {83--114},
  publisher = {{De Gruyter}}
}

@article{haspelmathcomconcept,
  title = {Comparative {{Concepts}} and {{Descriptive Categories}} in {{Cross}}-{{Linguistic Studies}}},
  author = {Haspelmath, Martin},
  year = {2010},
  volume = {86},
  pages = {663--687},
  journal = {Language},
  number = {3}
}

@incollection{hauofa_1993,
  title = {Our {{Sea}} of {{Islands}}},
  booktitle = {A {{New Oceania}}: {{Rediscovering}} {{Our Sea}} of {{Islands}}},
  author = {Hau`ofa, Epeli},
  editor = {Waddell, Eric and Naidu, Vijay and Hau'ofa, Epeli},
  year = {1993},
  pages = {2--14},
  publisher = {{School of Social and Economic Development, The University of the South Pacific}},
  address = {{Suva}}
}

@unpublished{himmelmann_trivia,
  title = {Against {{Trivializing Language Description}} and {{Comparison}}},
  author = {Himmelmann, Nikolaus P.},
  year = {Unpublished},
  note = {Unpublished}
}

@article{himmelmann2018universality,
  title = {On the {{Universality}} of {{Intonational Phrases}}: {{A Cross}}-{{Linguistic Interrater Study}}},
  author = {Himmelmann, Nikolaus P and Sandler, Meytal and Strunk, Jan and Unterladstetter, Volker},
  year = {2018},
  volume = {35},
  pages = {207--245},
  publisher = {{Cambridge University Press}},
  journal = {Phonology},
  number = {2}
}

@book{hohepa_1967,
  title = {A {{Profile Generative Grammar}} of {{Maori}}},
  author = {Hohepa, Patrick W.},
  year = {1967},
  publisher = {{Indiana University Publications in Anthropology and Linguistics, Memoir 20}}
}

@article{hohepa_1969,
  title = {The {{Accusative}}-to-{{Ergative Drift}} in {{Polynesian Languages}}},
  author = {Hohepa, Patrick W.},
  year = {1969},
  volume = {78},
  pages = {295--329},
  journal = {Journal of the Polynesian Society},
  number = {3}
}

@article{holland_delta_scores,
  title = {Delta {{Plots}}: {{A Tool}} for {{Analyzing Phylogenetic Distance Data}}},
  author = {Holland, B.R. and Huber, K.T. and Dress, A. and Moulton, V.},
  year = {2002},
  volume = {19},
  pages = {2051--2059},
  journal = {Molecular Biology and Evolution},
  number = {12},
  page = {2051\textendash 2059}
}

@article{hooper2000possessivetokelauan,
  title = {Possessive {{Markers}} in {{Tokelauan}}},
  author = {Hooper, Robin},
  year = {2000},
  volume = {53},
  pages = {293--307},
  publisher = {{De Gruyter}},
  journal = {Sprachtypol. Univ. Forsch (STUF). - Language Typology and Universals},
  number = {3-4}
}

@article{hua2019ecological,
  title = {The {{Ecological Drivers}} of {{Variation}} in {{Global Language Diversity}}},
  author = {Hua, Xia and Greenhill, Simon J and Cardillo, Marcel and Schneemann, Hilde and Bromham, Lindell},
  year = {2019},
  volume = {10},
  pages = {2047},
  publisher = {{Nature Publishing Group}},
  doi = {10.1038/s41467-019-09842-2},
  journal = {Nature communications},
  number = {1}
}

@incollection{hudson1999japanese,
  title = {Japanese and {{Austronesian}}: {{An Archeological Perspective}} on the {{Proposed Linguistic Links}}},
  booktitle = {Interdisciplinary {{Perspectives}} on the {{Origins}} of the {{Japanese}}},
  author = {Hudson, Mark J},
  year = {1999},
  pages = {267--279},
  publisher = {{International Research Center for Japanese Studies}},
  address = {{Kyoto}}
}

@incollection{huffman1996trading,
  title = {Trading, {{Cultural Exchange}} and {{Copyright}}: {{Important}} {{Aspects}} of {{Vanuatu}} {{Arts}}},
  booktitle = {Arts of {{Vanuatu}}},
  author = {Huffman, Kirk},
  year = {1996},
  pages = {182--194},
  publisher = {{University of Hawaii Press}}
}

@article{hulsenbeck_2003,
  title = {Stochastic {{Mapping}} of {{Morphological Characters}}},
  author = {Huelsenbeck, John P. and Nielsen, Rasmus and Bollback, Jonathan P.},
  year = {2003},
  month = apr,
  volume = {52},
  pages = {131--158},
  issn = {1063-5157},
  doi = {10.1080/10635150390192780},
  eprint = {http://oup.prod.sis.lan/sysbio/article-pdf/52/2/131/19502976/52-2-131.pdf},
  journal = {Systematic Biology},
  number = {2}
}

@phdthesis{hunkin2001,
  title = {Corpus of {{Contemporary Colloquial Samoan}}},
  author = {Hunkin, Galumalemana Alfred},
  year = {2001},
  school = {Victoria University of Wellington},
  type = {{{MA Thesis}}}
}

@book{huntsman1995_full_book,
  title = {Tonga and {{Samoa}}: {{Images}} of {{Gender}} and {{Polity}}},
  editor = {Huntsman, Judith},
  year = {1995},
  publisher = {{Macmillan Brown Centre for Pacific Studies}},
  address = {{Christchurch}}
}

@inproceedings{ichl_2019_GB_stability,
  title = {The {{Stability}} of {{Grammatical Structures}} in {{Major Language Families}}},
  booktitle = {International {{Conference}} of {{Historical Linguistics}}},
  author = {Evans, Cara and Skirg{\aa}rd, Hedvig and Haynie, Hannah and Greenhill, Simon},
  year = {2019},
  address = {{ANU, Canberra, Australia}}
}

@article{intoh2007reconnaissance,
  title = {Reconnaissance {{Archaeological Research}} on {{Tobi Island}}, {{Palau}}},
  author = {Intoh, Michiko and Ono, Rintaro},
  year = {2007},
  volume = {22},
  pages = {53--83},
  publisher = {{Japanese Society for Oceanic Studies}},
  journal = {People and Culture in Oceania}
}

@article{intoh2008ongoing,
  title = {Ongoing {{Archaeological Research}} on {{Fais}} {{Island}}, {{Micronesia}}},
  author = {Intoh, Michiko},
  year = {2008},
  volume = {47},
  pages = {121--138},
  journal = {Asian Perspectives},
  number = {1}
}

@inproceedings{jager2016inferring,
  title = {Inferring the {{World Tree}} of {{Languages}} from {{Word Lists}}},
  booktitle = {The {{Evolution}} of {{Language}}: {{Proceedings}} of the 11th {{International Conference}} ({{EVOLANGX11}})', {{Online}} at {{http://evolang.}} {{Org}}/{{Neworleans}}/{{Papers}}/147. {{Html}}},
  author = {J{\"a}ger, Gerhard and Wichmann, S\o ren},
  year = {2016}
}

@incollection{goldstein_2022,
author={David Goldstein},
year={2022},
url={https://davidgoldstein.netlify.app/publication/2022-no-escaping-phylogenetics/2022-no-escaping-phylogenetics.pdf},
title={There’s no escaping phylogenetics},
booktitle={Ha! Linguistic studies in honor of Mark R. Hale},
editor={Laura Grestenberger, Charles Reiss, Hannes A. Fellner and Gabriel Z. Pantillon},
pages={71-91},
address={Wiesbaden},
publisher={Reichert}
}

@article{pagel2004bayesian,
  title={Bayesian estimation of ancestral character states on phylogenies},
  author={Pagel, Mark and Meade, Andrew and Barker, Daniel},
  journal={Systematic biology},
  volume={53},
  number={5},
  pages={673--684},
  year={2004},
  publisher={Society of Systematic Zoology}
}
@article{ronquist2004bayesian,
  title={Bayesian inference of character evolution},
  author={Ronquist, Fredrik},
  journal={Trends in ecology \& evolution},
  volume={19},
  number={9},
  pages={475--481},
  year={2004},
  doi={10.1016/j.tree.2004.07.002},
  publisher={Elsevier}
}




@article{chang2015ancestry,
  title={Ancestry-constrained phylogenetic analysis supports the Indo-European steppe hypothesis},
  author={Chang, Will and Hall, David and Cathcart, Chundra and Garrett, Andrew},
  journal={Language},
  pages={194--244},
  year={2015},
  doi={10.1353/lan.2015.0005}
}

@article{jager2018using,
  title = {Using {{Ancestral State Reconstruction Methods}} for {{Onomasiological Reconstruction}} in {{Multilingual Word Lists}}},
  author = {J{\"a}ger, Gerhard and List, Johann-Mattis},
  year = {2018},
  volume = {8},
  pages = {22--54},
  publisher = {{Brill}},
  journal = {Language Dynamics and Change},
  number = {1}
}

@article{jahr2017pioneering,
  title = {A Pioneering Sociolinguistic Concept: {{Amund B}}. {{Larsen}} and His Discovery in the 1880s of Neighbour Opposition as a Socio-Psychological Mechanism in Linguistic Change\textendash and Its Rediscovery in the 1980s as Hyperdialectism},
  author = {Jahr, Ernst H\aa kon},
  year = {2017},
  volume = {47},
  pages = {308--319},
  publisher = {{De Gruyter}},
  journal = {European Journal of Scandinavian Studies},
  number = {2}
}

@article{jazykimira,
  title = {Using {{WALS}} and {{Jazyki Mira}}},
  author = {Polyakov, V. N. and Solovyev, V. D. and Wichmann, S. and Belyaev, O},
  year = {2009},
  volume = {13},
  pages = {137--167},
  doi = {10.1515/LITY.2009.008},
  journal = {Linguistic Typology},
  number = {1},
  page = {137-167}
}

@misc{jombart2017package,
  title = {Package `{{Adephylo}}'},
  author = {Jombart, Thibaut and Dray, St{\'e}phane and {Anders Ellern Bilgrau}},
  year = {2017},
  url = {https://cran.r-project.org/web/packages/adephylo/index.html}
}

@article{jonny_ML,
  title = {Probability {{Concepts Explained}}: {{Maximum}} {{Likelihood Estimation}}},
  author = {{Brooks-Bartlett}, Jonny},
  year = {2018},
  publisher = {{Medium}},
  url = {https://towardsdatascience.com/probability-concepts-explained-maximum-likelihood-estimation-c7b4342fdbb1},
  journal = {Towards Data Science}
}

@misc{jonsson1998,
  title = {Det {{Polynesiska Verbmorfemet}} - {{Cia}}; {{Om Dess Funktion}} i {{Samoanska}}},
  author = {Jonsson, Niklas},
  year = {1998},
  school = {Uppsala Universitet},
  type = {{{BA Thesis}}}
}


@article{slingerland2020coding,
  title={Coding culture: challenges and recommendations for comparative cultural databases},
  author={Slingerland, Edward and Atkinson, Quentin D and Ember, Carol R and Sheehan, Oliver and Muthukrishna, Michael and Bulbulia, Joseph and Gray, Russell D},
  journal={Evolutionary Human Sciences},
  volume={2},
  year={2020},
  publisher={Cambridge University Press}
}

@book{liggett2010continuous,
  title={Continuous time Markov processes: an introduction},
  author={Liggett, Thomas Milton},
  volume={113},
  year={2010},
  publisher={American Mathematical Soc.}
}

@article{nielsen2002mapping,
  title={Mapping mutations on phylogenies},
  author={Nielsen, Rasmus},
  journal={Systematic biology},
  volume={51},
  number={5},
  pages={729--739},
  year={2002},
  publisher={Society of Systematic Zoology}
}
@article{huelsenbeck2003stochastic,
  title={Stochastic mapping of morphological characters},
  author={Huelsenbeck, John P and Nielsen, Rasmus and Bollback, Jonathan P},
  journal={Systematic biology},
  volume={52},
  number={2},
  pages={131--158},
  year={2003},
  publisher={Society of Systematic Zoology}
}

@article{joy2016ancestral,
  title = {Ancestral {{Reconstruction}}},
  author = {Joy, Jeffrey B and Liang, Richard H and McCloskey, Rosemary M and Nguyen, T and Poon, Art FY},
  year = {2016},
  volume = {12},
  pages = {e1004763},
  publisher = {{Public Library of Science}},
  journal = {PLoS Computational Biology},
  number = {7}
}

@article{kalmar2006global,
  title = {A {{Global Model}} of {{Island Biogeography}}},
  author = {Kalmar, Attila and Currie, David J},
  year = {2006},
  volume = {15},
  pages = {72--81},
  publisher = {{Wiley Online Library}},
  journal = {Global Ecology and Biogeography},
  number = {1}
}

@inproceedings{kalyan_skirgard_dep,
  title = {Language {{Diversification}} in {{Austronesian}} {{Languages}}: {{Are}} {{Lexicon}} and {{Grammar Affected Differently}}?},
  booktitle = {New {{Ways}} of {{Analyzing Variation}}-{{Asia Pacific}}},
  author = {Kalyan, Siva and Skirg{\aa}rd, Hedvig},
  year = {2018},
  address = {{Brisbane}}
}

@article{kealy2017reconstructing,
  title = {Reconstructing {{Palaeogeography}} and {{Inter}}-{{Island Visibility}} in the {{Wallacean Archipelago}} during the {{Likely Period}} of {{Sahul}} {{Colonization}}, 65\textendash 45 000 {{Years Ago}}},
  author = {Kealy, Shimona and Louys, Julien and O'Connor, Sue},
  year = {2017},
  volume = {24},
  pages = {259--272},
  publisher = {{Wiley Online Library}},
  journal = {Archaeological Prospection},
  number = {3}
}

@article{kernan74,
  title = {The {{Acquisition}} of {{Formal}} and {{Colloquial Styles}} of {{Speech}} by {{Samoan}} {{Children}}},
  author = {Kernan, K.T.},
  year = {1974},
  volume = {16},
  pages = {107--119},
  journal = {Anthropological Linguistics},
  number = {3}
}

@book{kieviet_2017,
  title = {A Grammar of {{Rapa Nui}}},
  author = {Kieviet, Paulus},
  year = {2017},
  pages = {xx+643},
  publisher = {{Language Science Press}},
  address = {{Berlin}},
  inlg = {English [eng]},
  isbn = {978-3-946234-75-3},
  keywords = {Language Arts \& Disciplines / Linguistics / General},
  lgcode = {Rapa Nui [rap]},
  macro_area = {Papunesia},
  oclc = {951778702},
  src = {evobib, hh}
}

@article{kikiloi_2010,
  title = {Rebirth of an Archipelago: Sustaining a {{Hawaiian}} Cultural Identity for People and Homeland},
  author = {Kikiloi, Kekuewa},
  year = {2010},
  volume = {6},
  pages = {73--115},
  publisher = {{Kamehameha Schools}},
  journal = {H\=ulili: Multidisplinary Research on Hawaiian Well-Being}
}

@inproceedings{kikusawa_2006_pro_number,
  title = {On the {{Development}} of {{Number Systems}} in {{Oceanic Pronouns}}},
  booktitle = {6th {{International Conference}} on {{Oceanic Linguistics}} ({{COOL6}})},
  author = {Kikusawa, Ritsuko},
  year = {2006},
  address = {{Port Vila, Vanuatu}}
}

@article{kikusawa2001rotuman,
  title = {Rotuman and {{Fijian}} {{Case}}-{{Marking Strategies}} and {{Their Historical Development}}},
  author = {Kikusawa, Ritsuko},
  year = {2001},
  volume = {40},
  pages = {85--111},
  publisher = {{University of Hawai'i Press}},
  journal = {Oceanic Linguistics},
  number = {1}
}

@book{kikusawa2002proto,
  title = {Proto {{Central Pacific}} {{Ergativity}}: {{Its}} {{Reconstruction}} and {{Development}} in the {{Fijian}}, {{Rotuman}} and {{Polynesian}} {{Languages}}},
  author = {Kikusawa, Ritsuko},
  year = {2002},
  publisher = {{Pacific Linguistics}},
  address = {{Canberra}}
}

@incollection{kirch2012basline,
  title = {Baseline {{Prehistory}}. {{The}} {{Polynesian Outliers}}: {{Continuity}}, {{Change}}, and {{Replacement}}},
  booktitle = {The {{Polynesian}} {{Outliers}}: {{State}} of the {{Art}}},
  author = {Kirch, PV},
  editor = {Feinberg, Richard and Scaglion, Richard},
  year = {2012},
  pages = {17--26},
  publisher = {{Department of Anthropology, University of Pittsburgh}},
  address = {{United States of America}},
  number = {21},
  series = {Ethnology {{Monographs}}}
}

@book{kirch2017road,
  title = {On the {{Road}} of the {{Winds}}: {{An Archaeological History}} of the {{Pacific Islands}} before {{European}} {{Contact}}},
  author = {Kirch, Patrick Vinton},
  year = {2017},
  publisher = {{Univ of California Press}}
}

@book{kirchgreen2001,
  ids = {kirch2001hawaiki},
  title = {Hawaiki, {{Ancestral Polynesia}}: {{An}} {{Essay}} in {{Historical Anthropology}}},
  author = {Kirch, Patrick Vinton and Green, Roger C.},
  year = {2001},
  publisher = {{Cambridge University Press}}
}

@article{koerner1997notes,
  title = {Notes on the {{History}} of the {{Concept}} of {{Language}} as a {{System}} `{{O\`u}} {{Tout Se Tient}}'},
  author = {Koerner, EFK},
  year = {1997},
  volume = {19},
  pages = {1--20},
  journal = {Linguistica atlantica}
}

@incollection{koptjevskaja2016semantics,
  title = {The {{Semantics}} of {{Lexical Typology}}},
  booktitle = {The {{Routledge Handbook}} of {{Semantics}}},
  author = {{Koptjevskaja-Tamm}, Maria and Rakhilina, Ekaterina and Vanhove, Martine},
  editor = {Riemer, Nick},
  year = {2016},
  publisher = {{Routledge}}
}

@phdthesis{krusevaai1998,
  ids = {kruse98},
  title = {Producing the {{Text}} of {{Culture}}: {{The}} {{Appropriation}} of {{English}} in {{Contemporary Samoa}}},
  author = {{Kruse-Va'ai}, Emma},
  year = {1998},
  school = {University of New South Wales},
  type = {{{PhD Thesis}}}
}

@article{kulkarni2016forty,
  title = {Forty {{Years}} of {{Language Contact}} and {{Change}} in {{Kupwar}}: {{A}} {{Critical Assessment}} of the {{Intertranslatability Model}}},
  author = {{Kulkarni-Joshi}, Sonal},
  year = {2016},
  volume = {3},
  pages = {147--174},
  publisher = {{De Gruyter}},
  journal = {Journal of South Asian Languages and Linguistics},
  number = {2}
}

@incollection{labov_1968,
  title = {A {{Study}} of the {{Non}}-{{Standard English}} of {{Negro}} and {{Puerto Rican Speakers}} in {{New York City}}},
  booktitle = {Co-{{Operative Research Report}} 3288},
  author = {Labov, William and Cohen, Paul and Robins, Clarence and Lewis, John},
  year = {1968},
  publisher = {{Regional Survey}},
  address = {{Philadelphia: U.S.}},
  number = {Vol. 1.}
}

@misc{lahmeyer,
  title = {Populstat {{Site}}},
  author = {Lahmeyer, Jan},
  year = {2003},
  url = {http://www.populstat.info/}
}

@incollection{larsen1886oversigt,
  title = {Oversigt over de Trondhjemske Dialekters Slaegtskabsforhold [{{Overview}} of the Relationships between the Dialects of {{Tr\o ndelag}}]},
  booktitle = {Det {{Kongelige Norske Videnskabers Selskabs Skrifter}} 1885},
  author = {Larsen, Amund B},
  year = {1886},
  pages = {37--117},
  publisher = {{Interessenstskabets Bogtrykkeri}},
  address = {{Trondheim, Norway}}
}

@book{lazard_2006,
  title = {La {{Qu\^ete Des Invariants Interlangues}}: {{La}} {{Linguistique Est}}-{{Elle Une Science}}?},
  author = {Lazard, Gilbert},
  year = {2006},
  volume = {23},
  publisher = {{Champion}},
  address = {{Paris}},
  isbn = {978-2-7453-1392-8},
  series = {Biblioth\`eque de {{Grammaire}} et de {{Linguistique}}}
}

@article{lazard2012case,
  title = {The {{Case}} for {{Pure Linguistics}}},
  author = {Lazard, Gilbert},
  year = {2012},
  volume = {36},
  pages = {241--259},
  publisher = {{John Benjamins}},
  journal = {Studies in Language},
  number = {2}
}

@article{levin_seikel_miles_2019,
  title = {A {{Partial Chronological Sequence}} of {{Human Habitation}} for {{Pingelap Atoll}} ({{Pohnpei State}}, {{Federated States}} of {{Micronesia}})},
  author = {Levin, Maureece J and Seikel, Katherine and Miles, Aimee},
  year = {2019},
  volume = {61},
  pages = {765--776},
  publisher = {{Cambridge University Press}},
  doi = {10.1017/RDC.2019.30},
  journal = {Radiocarbon},
  number = {3}
}

@book{levin1979,
  title = {Hybridization: {{An}} {{Evolutionary Perspective}}},
  author = {Levin, D.A.},
  year = {1979},
  publisher = {{Dowden, Hutchinson and Ross}},
  address = {{Stroudsburg, PN}}
}

@incollection{levinson2001covariation,
  title = {Covariation between Spatial Language and Cognition},
  booktitle = {Language Acquisition and Conceptual Development},
  author = {Levinson, Stephen C},
  year = {2001},
  pages = {566--588},
  publisher = {{Cambridge University Press}}
}

@article{levinsonetal2011,
  title = {Universal {{Typological Dependencies Should Be Detectable}} in the {{History}} of {{Language Families}}},
  author = {Levinson, Steven C. and Greenhill, S. J. and Gray, R. D. and Dunn, M.},
  year = {2011},
  volume = {15},
  journal = {Linguistic Typology},
  page = {509-534}
}

@article{levinsonevans2010sea,
  title = {Time for a {{Sea}}-{{Change}} in {{Linguistics}}: {{Response}} to {{Comments}} on '{{The}} {{Myth}} of {{Language Universals}}'},
  author = {Levinson, Steven C. and Evans, Nicholas},
  year = {2010},
  volume = {120},
  journal = {Lingua},
  page = {2733-2758}
}

@article{Levinsongray2012,
  title = {Tools from {{Evolutionary Biology Shed New Light}} on the {{Diversification}} of {{Languages}}},
  author = {Levinson, Stephen C. and Gray, Russell D.},
  year = {2012},
  volume = {16},
  pages = {167--173},
  issn = {1364-6613},
  doi = {http://dx.doi.org/10.1016/j.tics.2012.01.007},
  journal = {Trends in Cognitive Sciences},
  number = {3}
}

@book{levisonetal73,
  title = {The {{Settlement}} of {{Polynesia}} - a {{Computer Simulation}}},
  author = {Levison, Michael and Ward, R. Gerard and Webb, John W.},
  year = {1973},
  publisher = {{Australian National University press}},
  address = {{Canberra}}
}

@book{lewis1994we,
  title = {We, the {{Navigators}}: {{The}} {{Ancient Art}} of {{Landfinding}} in the {{Pacific}}},
  author = {Lewis, David},
  year = {1994},
  publisher = {{University of Hawaii Press}}
}

@article{lichtenberk_1978,
  title = {A {{Sketch}} of {{Houa\"ilou Grammar}}},
  booktitle = {Working {{Papers}} in {{Linguistics}} 10},
  author = {Lichtenberk, Frantisek},
  year = {1978},
  volume = {10},
  pages = {73--116},
  publisher = {{Department of Linguistics, University of Hawaii}},
  location = {Manoa, HI},
  besttxt = {ptxt2\textsubscript{h}ouailou1978\textsubscript{o}.txt},
  fn = {papua\textsubscript{h}ouailou1978\textsubscript{o}.pdf},
  hhtype = {grammar\textsubscript{s}ketch},
  inlg = {English [eng]},
  journal = {University of Hawaii Working Papers in Linguistics},
  lgcode = {Houailou = Aji\"e [aji]},
  macro_area = {Papunesia},
  number = {1},
  src = {hh, langsci, wals}
}

@article{lindell_simon_course_2018,
  title = {Reconstructing the {{Past}}: {{Phylogenies}} and {{Dates}} from {{DNA}} and {{Languages}}},
  author = {Bromham, Lindell and Greenhill, Simon},
  year = {2018},
  address = {{Canberra}}
}

@article{lipson_harvad_ancient_dna_vanuatu_2018,
  title = {Population {{Turnover}} in {{Remote Oceania Shortly}} after {{Initial Settlement}}},
  author = {Lipson, Mark and Skoglund, Pontus and Spriggs, Matthew and Valentin, Frederique and Bedford, Stuart and Shing, Richard and Buckley, Hallie and Phillip, Iarawai and Ward, Graeme K. and Mallick, Swapan and Rohland, Nadin and Broomandkhoshbacht, Nasreen and Cheronet, Olivia and Ferry, Matthew and Harper, Thomas K. and Michel, Megan and Oppenheimer, Jonas and Sirak, Kendra and Stewardson, Kristin and Auckland, Kathryn and Hill, Adrian V.S. and Maitland, Kathryn and Oppenheimer, Stephen J. and Parks, Tom and Robson, Kathryn and Williams, Thomas N. and Kennett, Douglas J. and Mentzer, Alexander J. and Pinhasi, Ron and Reich, David},
  year = {2018},
  volume = {28},
  pages = {1157--1165},
  journal = {Current Biology},
  number = {7}
}

@article{list2018clics2,
  title = {{{CLICS2}}: {{An}} {{Improved Database}} of {{Cross}}-{{Linguistic Colexifications Assembling Lexical Data}} with the {{Help}} of {{Cross}}-{{Linguistic Data Formats}}},
  author = {List, Johann-Mattis and Greenhill, Simon J and Anderson, Cormac and Mayer, Thomas and Tresoldi, Tiago and Forkel, Robert},
  year = {2018},
  volume = {22},
  pages = {277--306},
  publisher = {{De Gruyter}},
  journal = {Linguistic Typology},
  number = {2}
}

@phdthesis{livingston_2016_east_uvean,
  title = {East {{Uvean}}: {{A}} Condensed Grammar},
  author = {Livingston, Andrew},
  year = {2016},
  pages = {xi+176},
  hhtype = {grammar},
  inlg = {English [eng]},
  lgcode = {East Uvean = Wallisian [wls]},
  macro_area = {Papunesia},
  school = {University of Washington},
  src = {hh},
  type = {{{MA Thesis}}}
}

@book{lorimer_domaaki,
  title = {The {{\d{D}um\=aki Language}}: {{Outlines}} of the {{Speech}} of the {{\d{D}oma}}, of {{B\=er\=icho}}, of {{Hunza}}},
  author = {Lorimer, D. L. R.},
  year = {1939},
  volume = {IV},
  publisher = {{Dekker \& van de Vegt N. V.}},
  address = {{Nijmegen}},
  besttxt = {ptxt2\textsubscript{d}umaki1939\textsubscript{o}.txt},
  cfn = {eurasia\textsubscript{d}umaki1939\textsubscript{o}.pdf},
  class_loc = {PK1837},
  document_type = {B},
  fn = {eurasia\textsubscript{d}umaki1939\textsubscript{o}.pdf},
  hhtype = {grammar\textsubscript{s}ketch;dictionary},
  inlg = {English [eng]},
  lgcode = {Hunza Domaki = Domaki [dmk]},
  macro_area = {Eurasia},
  mpi_eva_library_shelf = {PK 1837 LOR 1939},
  series = {Publications de {{La Commission}} d'{{Enqu\^ete}} {{Linguistique}}},
  src = {hh, mpieva},
  subject_headings = {Domaaki language., Dom (Pakistani people), Domaaki language. \textendash{} Dom (Pakistani people)}
}

@article{louca2017efficient,
  title = {Efficient {{Comparative Phylogenetics}} on {{Large Trees}}},
  author = {Louca, Stilianos and Doebeli, Michael},
  year = {2017},
  volume = {34},
  pages = {1053--1055},
  publisher = {{Oxford University Press}},
  journal = {Bioinformatics},
  number = {6}
}

@phdthesis{love1979,
  title = {Samoan {{Variations}}},
  author = {Love, Jacob},
  year = {1979},
  school = {Harvard University},
  type = {{{PhD Thesis}}}
}

@book{lupkestorch2013,
  title = {Repertoires and {{Choices}} in {{African Languages}}},
  author = {L{\"u}pke, F. and Storch, A},
  year = {2013},
  publisher = {{De Gruyter Mouton}},
  address = {{Berlin, Boston}}
}

@article{lupyandale2010,
  title = {Language {{Structure Is Partly Determined}} by {{Social Structure}}},
  author = {Lupyan, Gary and Dale, Rick},
  year = {2010},
  volume = {5},
  pages = {e8559},
  doi = {10.1371/journal.pone.0008559},
  journal = {PLoS ONE},
  number = {1}
}

@book{lydekker1896geographical,
  title = {A {{Geographical History}} of {{Mammals}}},
  author = {Lydekker, R},
  year = {1896},
  publisher = {{The University Press}},
  address = {{Cambridge}}
}

@article{lynch1981melanesian,
  title = {Melanesian {{Diversity}} and {{Polynesian}} {{Homogeneity}}: {{The Other Side}} of the {{Coin}}},
  author = {Lynch, John},
  year = {1981},
  volume = {20},
  pages = {95--129},
  publisher = {{JSTOR}},
  journal = {Oceanic Linguistics},
  number = {2}
}

@book{lynchrosscrowley,
  title = {The {{Oceanic Languages}}},
  editor = {Lynch, John and Ross, Malcolm and Crowley, Terry},
  year = {2002},
  publisher = {{Curzon}},
  address = {{Richmond}},
  bibtexkey = {crowley-lynch-ross\textsubscript{i}nternal-subgrouping2002},
  fn = {papua\textsubscript{s}ubgrouping2002\textsubscript{o}.pdf},
  hhtype = {overview;comparative},
  inlg = {English [eng]},
  inlg_code = {eng},
  macro_area = {Papua},
  series = {Curzon {{Language Family Series}}},
  src = {hh},
  srctrickle = {hh\#hv:LynchRossCrowley:Subgrouping}
}

@incollection{lynchrosscrowley_chapter_1,
  title = {The {{Oceanic Languages}}},
  booktitle = {The {{Oceanic Languages}}},
  author = {Lynch, John and Ross, Malcolm and Crowley, Terry},
  editor = {Lynch, John and Ross, Malcolm and Crowley, Terry},
  year = {2002},
  pages = {1--22},
  publisher = {{Curzon}},
  address = {{Richmond}},
  bibtexkey = {crowley-lynch-ross\textsubscript{i}nternal-subgrouping2002},
  fn = {papua\textsubscript{s}ubgrouping2002\textsubscript{o}.pdf},
  hhtype = {overview;comparative},
  inlg = {English [eng]},
  inlg_code = {eng},
  macro_area = {Papua},
  series = {Curzon {{Language Family Series}}},
  src = {hh},
  srctrickle = {hh\#hv:LynchRossCrowley:Subgrouping}
}

@incollection{lynchrosscrowley_proto_grammar_oceanic,
  title = {Proto {{Oceanic}}},
  booktitle = {The {{Oceanic Languages}}},
  author = {Lynch, John and Ross, Malcolm and Crowley, Terry},
  editor = {Lynch, John and Ross, Malcolm and Crowley, Terry},
  year = {2011},
  edition = {Second},
  pages = {54--91},
  publisher = {{Curzon}},
  address = {{Richmond}},
  bibtexkey = {crowley-lynch-ross\textsubscript{i}nternal-subgrouping2002},
  fn = {papua\textsubscript{s}ubgrouping2002\textsubscript{o}.pdf},
  hhtype = {overview;comparative},
  inlg = {English [eng]},
  inlg_code = {eng},
  macro_area = {Papua},
  series = {Curzon {{Language Family Series}}},
  src = {hh},
  srctrickle = {hh\#hv:LynchRossCrowley:Subgrouping}
}

@incollection{lynchrosscrowleyinternalsubgroupingoceanic,
  title = {Internal {{Subgrouping}}},
  booktitle = {The {{Oceanic Languages}}},
  author = {Lynch, John and Ross, Malcolm and Crowley, Terry},
  editor = {Lynch, John and Ross, Malcolm and Crowley, Terry},
  year = {2002},
  pages = {92--120},
  publisher = {{Curzon}},
  address = {{Richmond}},
  bibtexkey = {crowley-lynch-ross\textsubscript{i}nternal-subgrouping2002},
  fn = {papua\textsubscript{s}ubgrouping2002\textsubscript{o}.pdf},
  hhtype = {overview;comparative},
  inlg = {English [eng]},
  inlg_code = {eng},
  macro_area = {Papua},
  series = {Curzon {{Language Family Series}}},
  src = {hh},
  srctrickle = {hh\#hv:LynchRossCrowley:Subgrouping}
}

@article{macdonald_2020,
  title = {Tuvalu},
  booktitle = {Encyclop\ae dia {{Britannica}}},
  author = {Macdonald, Barrie K.},
  year = {2020},
  publisher = {{Encyclop\ae dia Britannica, inc.}},
  url = {https://www.britannica.com/place/Tuvalu},
  journal = {Encyclop\ae dia Britannica}
}

@book{maclaurin2008biodiversity,
  title = {What {{Is Biodiversity}}?},
  author = {Maclaurin, James and Sterelny, Kim},
  year = {2008},
  publisher = {{University of Chicago Press}}
}

@article{macpherson2011churches,
  title = {Churches and the Economy of {{S\=amoa}}},
  author = {Macpherson, Cluny and Macpherson, La'avasa},
  year = {2011},
  volume = {23},
  pages = {304--337},
  publisher = {{University of Hawai'i Press}},
  journal = {The Contemporary Pacific},
  number = {2}
}

@misc{macquari_gov,
  title = {Macquarie {{Island Station}}: {{A Brief History}}},
  author = {{Australian Antarctic Division}},
  year = {2018},
  url = {http://www.antarctica.gov.au/about-antarctica/history/stations/macquarie-island}
}

@misc{maechler2013package,
  title = {Package `cluster': {{Methods}} for {{Cluster Analysis}}},
  author = {{Martin Maechler} and {Peter Rousseeuw} and {Mia Hubert} and {Kurt Hornik} and {Matthias Studer} and {Pierre Roudier} and {Juan Gonzalez} and {Kamil Kozlowski} and {Erich Schubert} and {Keefe Murphy} and {Anja Struyf}},
  year = {2019},
  url = {https://cran.r-project.org/web/packages/cluster/index.html}
}

@article{mageo2002myth,
  title = {Myth, {{Cultural Identity}}, and {{Ethnopolitics}}: {{Samoa}} and the {{Tongan}} ``{{Empire}}''},
  author = {Mageo, Jeannette},
  year = {2002},
  volume = {58},
  pages = {493--520},
  publisher = {{University of New Mexico}},
  journal = {Journal of Anthropological Research},
  number = {4}
}

@book{mammal_taxonomy_reference,
  title = {Mammal {{Species}} of the {{World}}: {{A}} {{Taxonomic}} and {{Geographic Reference}}},
  editor = {Wilson, Don E. and Reeder, DeeAnn M.},
  year = {2005},
  edition = {Third},
  publisher = {{Johns Hopkins University Press}},
  address = {{Baltimore}},
  isbn = {ISBN 0-801-88221-4. OCLC 62265494},
  page = {111\textendash 184}
}

@inproceedings{mammannote,
  title = {Acquisition {{Processes}} of {{Hausa Interrogatives}} by a {{Hausa Child}}},
  booktitle = {25th {{Annual Conference}} on {{African Linguistics}}},
  author = {Mamman, Munir},
  year = {1994},
  address = {{Rutgers, NJ}}
}

@book{marck2000,
  title = {Topics in {{Polynesian}} {{Language}} and {{Culture History}}},
  author = {Marck, Jeffrey C.},
  year = {2000},
  publisher = {{Pacific Linguistics}},
  address = {{Canberra}}
}

@incollection{marck2000_encyclo,
  title = {Polynesian {{Languages}}},
  booktitle = {Facts {{About}} the {{World}}'s {{Languages}}: {{An}} {{Encyclopaedia}} of the {{World}}'s {{Major Languages}}, {{Past}} and {{Present}}},
  author = {Marck, Jeffrey C.},
  editor = {Garry, J. and Rubino, C.},
  year = {2000},
  publisher = {{H.W. Wilson}},
  address = {{New York}}
}

@article{mark_1986,
  title = {Micronesian {{Dialects}} and the {{Overnight Voyage}}},
  author = {Marck, Jeffrey C.},
  year = {1986},
  volume = {95},
  pages = {253--258},
  journal = {Journal of the Polynesian Society},
  number = {2},
  page = {253-258}
}

@book{matthews2005,
  title = {The {{Concise}} {{Oxford}} {{Dictionary}} of {{Linguistics}} (2nd {{Ed}})},
  author = {Matthews, P.H.},
  year = {2005},
  publisher = {{Oxford University Press}},
  address = {{Oxford}}
}

@book{mayer1969frog,
  title = {Frog, {{Where Are You}}?},
  author = {Mayer, Mercer},
  year = {1969},
  publisher = {{Dial Press New York}}
}

@phdthesis{mayer2001,
  title = {Code-{{Switching}} in {{Samoan}}: {{T}}-{{Style}} and {{K}}-{{Style}}},
  author = {Mayer, John. F.},
  year = {2001},
  school = {University of Hawai'i},
  type = {{{PhD Thesis}}}
}

@incollection{mcfadden1974frontiers,
  title = {Conditional Logit Analysis of Qualitative Choice Behavior},
  booktitle = {Frontiers in {{Econometrics}}},
  author = {McFadden, Daniel},
  editor = {Zarembka, Paul},
  year = {1974},
  pages = {105--142},
  publisher = {{Academic Press New York}}
}

@incollection{mcmahon2006linguists,
  title = {Why {{Linguists Don}}'t {{Do Dates}}: {{Evidence}} from {{Indo}}-{{European}} and {{Australian}} {{Languages}}},
  booktitle = {Phylogenetic {{Methods}} and the {{Prehistory}} of {{Languages}}},
  author = {McMahon, April and McMahon, Robert},
  editor = {Forster, Peter and Renfrew, Colin},
  year = {2006},
  pages = {153--160},
  publisher = {{McDonald Institute for Archaeological Research, Cambridge}}
}

@incollection{mead1937samoans,
  title = {The {{Samoans}}.},
  booktitle = {Cooperation and {{Competition}} among {{Primitive Peoples}}},
  author = {Mead, Margaret},
  editor = {Mead, Margaret},
  year = {1937},
  pages = {282--312},
  publisher = {{McGraw-Hill Book Company}}
}

@incollection{meleisea1995,
  title = {To {{Whom}} {{God}} and {{Men Crowded}}: {{Chieftainship}} and {{Hierarchy}} in in {{Ancient Samoa}}},
  booktitle = {Tonga and {{Samoa}}: {{Images}} of {{Gender}} and {{Polity}}},
  author = {Meleise{\=a}, Malama},
  editor = {Huntsman, Judith},
  year = {1995},
  publisher = {{Macmillan Brown Centre for Pacific Studies}},
  address = {{Christchurch}}
}

@article{meyerhoff_2017,
  title = {Writing a {{Linguistic Symphony}}: {{Analyzing}} {{Variation While Doing Language Documentation}}},
  author = {Meyerhoff, Miram},
  year = {2017},
  volume = {62},
  pages = {525--549},
  doi = {10.1017/cnj.2017.28},
  journal = {Canadian Journal of Linguistics/Revue canadienne de linguistique},
  number = {4}
}

@article{miestamo2016sampling,
  title = {Sampling for {{Variety}}},
  author = {Miestamo, Matti and Bakker, Dik and Arppe, Antti},
  year = {2016},
  volume = {20},
  pages = {233--296},
  publisher = {{De Gruyter}},
  journal = {Linguistic Typology},
  number = {2}
}

@article{milner1961,
  title = {The {{Samoan}} {{Vocabulary}} of {{Respect}}},
  author = {Milner, G. B.},
  year = {1961},
  volume = {91},
  pages = {296--317},
  journal = {Journal of the Royal Anthropological Institute},
  number = {2},
  page = {296-317}
}

@book{milner1966,
  title = {Samoan {{Dictionary}}},
  author = {Milner, G.B.},
  year = {1966},
  publisher = {{Polynesian Press}},
  address = {{New Zealand}},
  bibtexkey = {gb\textsubscript{d}ictionary-samoan1966},
  hhtype = {dictionary},
  inlg = {English [eng]},
  macro_area = {Papua},
  src = {wals},
  srctrickle = {wals\#4130}
}

@article{montenegro_et_al,
  title = {Using {{Seafaring Simulations}} and {{Shortest}}-{{Hop Trajectories}} to {{Model}} the {{Prehistoric Colonization}} of {{Remote Oceania}}},
  author = {Alvaro Montenegro, Richard T. Callaghan, Scott M. Fitzpatrick},
  year = {2016},
  volume = {113},
  journal = {Proceedings of the National Academy of Sciences of the United States of America},
  number = {45},
  page = {12685-12690}
}

@inproceedings{Moran_2017,
  title = {Phylogenesis of {{Phonetic Features}}},
  booktitle = {Association for {{Linguistic Typology Conference}}},
  author = {Moran, Steven},
  year = {2017}
}

@book{moselhovdhaugen1992,
  title = {Samoan {{Reference Grammar}}},
  author = {Mosel, Ulrike and Hovdhaugen, Even},
  year = {1992},
  publisher = {{Scandinavian University Press}},
  address = {{Oslo}},
  series = {Instituttet for {{Sammenlignende Kulturforskning}} 85}
}

@book{moyse_wallis,
  title = {Te {{Lea Faka}}'uvea: {{Le Wallisien}}},
  author = {{Moyse-Faurie}, Claire},
  year = {2016},
  pages = {269},
  publisher = {{Peeters}},
  address = {{Paris}},
  hhtype = {grammar},
  inlg = {French [fra]},
  lgcode = {Wallisian [wls]},
  macro_area = {Papunesia},
  src = {hh},
  subject_headings = {Zaragure language - Syntax, Zaragure language - Syntax}
}

@article{moyse2000possessivefakauvea,
  title = {Possessive {{Markers}} in {{East Uvean}} ({{Faka}}'uvea)},
  author = {{Moyse-Faurie}, Claire},
  year = {2000},
  volume = {53},
  pages = {319--344},
  publisher = {{De Gruyter}},
  journal = {Sprachtypol. Univ. Forsch (STUF). - Language Typology and Universals},
  number = {3-4}
}

@misc{Muaiava_blog_2020,
  title = {'{{O}} Le Gagana t Ma Le Gagana k/`{{Good}} Talk' and `bad Talk': {{T}}-Style and {{K}}-Style in Gagana {{S\=amoa}}},
  author = {Muaiava, Sadat Petelo},
  year = {2020},
  url = {https://blog.tepapa.govt.nz/2020/05/26/o-le-gagana-t-ma-le-gagana-k/},
  journal = {Te Papa blog of The Museum of New Zealand}
}

@incollection{muhlhausler78,
  title = {Samoan {{Plantation Pidgin English}} and the {{Origin}} of {{New Guinea Pidgin}}},
  booktitle = {Papers in {{Pidgin}} and {{Creole Linguistics}} 1},
  author = {M{\"u}hlh{\"a}usler, Peter},
  editor = {M{\"u}hlh{\"a}usler, Peter},
  year = {1978},
  volume = {54},
  pages = {67--120},
  publisher = {{Pacific Linguistics}},
  address = {{Canberra}},
  bibtexkey = {muhlhausler\textsubscript{s}amoan-plantation1978},
  document_type = {CH},
  hhtype = {grammar\textsubscript{s}ketch},
  inlg = {English [eng]},
  inlg_code = {eng},
  macro_area = {Papua},
  mpi_eva_library_shelf = {bound with PM 7802 PAP 1979},
  series = {Pacific {{Linguistics}}: {{Series A}}},
  src = {apics, hh, mpieva},
  srctrickle = {apics\#Muhlhausler1978, hh\#s:Muhlhausler:Plantation, mpieva\#Muhlhausler1978Samoanpl}
}

@misc{multitree2014,
  title = {Multitree: {{A}} {{Digital Library}} of {{Language Relationships}}},
  author = {{LINGUIST List}},
  year = {2014},
  publisher = {{Department of Linguistics, The LINGUIST List, Indiana University}},
  address = {{Bloomington, IN}},
  url = {http://multitree.org/},
  howpublished = {Department of Linguistics, The LINGUIST List, Indiana University}
}

@article{murawaki2015spatial,
  title = {Spatial Structure of Evolutionary Models of Dialects in Contact},
  author = {Murawaki, Yugo},
  year = {2015},
  volume = {10},
  pages = {1--15},
  publisher = {{Public Library of Science}},
  journal = {PloS ONE},
  number = {7}
}

@book{mutu_2002,
  title = {\`Ua {{Pou}} - {{Aspects}} of a {{Marquesan Dialect}}},
  author = {Mutu, Margaret and Te{\`i}kitutoua, Ben},
  year = {2002},
  publisher = {{Pacific Linguistics}},
  address = {{Canberra}}
}

@phdthesis{Nafanua_quote,
  title = {Tali i {{Lagi Se Ao}} o {{Lou Malo}}: {{Is}} {{Samoa Being Faithful}} to the {{Nafanua Prophecy}}?},
  author = {Kalepo, Isaia},
  year = {2011},
  url = {https://asiapacific.anu.edu.au/pambu/catalogue/index.php/tali-i-lagi-se-ao-o-lou-malo-is-samoa-being-faithful-to-nafanua-prophecy},
  school = {Malua Theological College},
  type = {{{BA Thesis}}}
}

@article{Napolitano_et_al_yap,
  title = {New {{Investigations}} of {{Early Prehistoric Settlement}} on {{Yap}}, {{Western Caroline Islands}}},
  author = {Napolitano, Matthew F. and Fitzpatrick, Scott M. and Clark, Geoffrey and Stone, Jessica H.},
  year = {2019},
  volume = {14},
  pages = {101--107},
  publisher = {{Routledge}},
  doi = {10.1080/15564894.2017.1335661},
  eprint = {https://doi.org/10.1080/15564894.2017.1335661},
  journal = {The Journal of Island and Coastal Archaeology},
  number = {1}
}

@article{naroll1965galton,
  title = {Galton's {{Problem}}: {{The}} {{Logic}} of {{Cross}}-{{Cultural Analysis}}},
  author = {Naroll, Raoul},
  year = {1965},
  volume = {32},
  pages = {428--451},
  publisher = {{JSTOR}},
  journal = {Social Research},
  number = {4}
}

@article{NETTLE1998,
  title = {Explaining {{Global Patterns}} of {{Language Diversity}}},
  author = {Nettle, Daniel},
  year = {1998},
  volume = {17},
  pages = {354--374},
  issn = {0278-4165},
  url = {https://doi.org/10.1006/jaar.1998.0328},
  journal = {Journal of Anthropological Archaeology},
  number = {4}
}

@book{nichols1992,
  title = {Linguistic {{Diversity}} in {{Space}} and {{Time}}},
  author = {Nichols, J},
  year = {1992},
  publisher = {{University of Chicago Press}},
  address = {{Chicago}}
}

@article{nichols1995diachronically,
  title = {Diachronically {{Stable Structural Features}}},
  author = {Nichols, Johanna},
  year = {1995},
  pages = {337--337},
  publisher = {{JOHN BENJAMINS BV}},
  journal = {Amsterdam Studies in the Theory and History of Linguistic Science},
  series = {4}
}

@incollection{nichols1998origin,
  title = {The {{Origin}} and {{Dispersal}} of {{Languages}}: {{Linguistic Evidence}}},
  booktitle = {The {{Origin}} and {{Diversification}} of {{Language}}},
  author = {Nichols, Johanna},
  editor = {Jablonski, Nina G. and Aiello, Leslie C.},
  year = {1998},
  pages = {127--170},
  publisher = {{California Academy of Sciences San Francisco, CA}}
}

@inproceedings{nordhoff2011glottolog,
  title = {Glottolog/{{Langdoc}}: {{Defining}} {{Dialects}}, {{Languages}}, and {{Language Families}} as {{Collections}} of {{Resources}}},
  booktitle = {First {{International Workshop}} on {{Linked Science}} 2011-{{In}} {{Conjunction}} with the {{International Semantic Web Conference}} ({{ISWC}} 2011)},
  author = {Nordhoff, Sebastian and Hammarstr{\"o}m, Harald},
  year = {2011},
  address = {{Koblenz, Germany}}
}

@inproceedings{nts2014,
  title = {The {{Nijmegen Typological Survey}}},
  booktitle = {{{MPI}} {{Nijmegen Lunch Talks}}},
  author = {Skirg{\aa}rd, Hedvig},
  year = {2014},
  address = {{Nijmegen}},
  organization = {{Max Planck Institute for Psycholinguistics}}
}

@misc{ntswebsite,
  title = {Nijmegen {{Typological Survey Online}}},
  author = {Levinson, Stephen C and Hammarstr{\"o}m, Harald and Skirg{\aa}rd, Hedvig and {van der Meer}, Suzanne and {Ger Reesink} and Dunn, Michael},
  year = {2015},
  publisher = {{Language and Cognition Group, Max Planck Institute for Psycholinguistics}},
  address = {{Nijmegen}},
  url = {https://nts.clld.org}
}

@incollection{nunes2006,
  title = {Samoanizing {{My Fa}}'apalagi: {{Indigenization}} of {{Language}} in {{Samoa}}},
  booktitle = {Independent {{Study Project}} ({{ISP}}) {{Collection}}},
  author = {Nunes, Cheryl},
  year = {2006},
  pages = {304},
  publisher = {{School for International Training (S.I.T.)}},
  url = {https://digitalcollections.sit.edu/isp_collection/304/}
}

@phdthesis{nunes2007evolution,
  title = {The {{Evolution}} of {{Orality}} in {{Samoa}}},
  author = {Nunes, Cheryl},
  year = {2007},
  school = {Swarthmore College},
  type = {{{BA Thesis}}}
}

@book{ochs1988,
  title = {Culture and {{Language Development}}: {{Language}} {{Acquisition}} and {{Language Socialization}} in a {{Samoan}} {{Village}}},
  author = {Ochs, Elinor},
  year = {1988},
  publisher = {{Cambridge University Press}},
  address = {{Cambridge}}
}

@incollection{ochs85error,
  title = {Variation and {{Error}}: {{A Sociolinguistic Approach}} to {{Language Acquisition}} in {{Samoa}}},
  booktitle = {The {{Cross}}-{{Linguistic Study}} of {{Language Acquisition}}},
  author = {Ochs, Elinor},
  editor = {Slobin, Dan Isaac},
  year = {1985},
  pages = {783--838},
  publisher = {{Lawrence Erlbaum Associates Inc}},
  page = {783-838}
}

@misc{omniglot_tuvaluan,
  title = {Tuvaluan ({{Te}} 'gana {{T\=uvalu}})},
  author = {Ager, Simon},
  year = {2020},
  url = {https://www.omniglot.com/writing/tuvaluan.htm}
}

@unpublished{otsuka2005,
  title = {History of {{Polynesian Languages}}},
  author = {Otsuka, Yuko},
  year = {2005},
  address = {{Manoa}},
  url = {http://www2.hawaii.edu/~yotsuka/course/PN_history.pdf},
  note = {unpublished},
  school = {University of Hawaii}
}

@article{Pacheco_Coelho_2019,
  title = {Drivers of {{Geographical Patterns}} of {{North American}} {{Language Diversity}}},
  author = {Coelho, Marco T{\'u}lio Pacheco and Pereira, Elisa Barreto and Haynie, Hannah J. and Rangel, Thiago F. and Kavanagh, Patrick H and Kirby, Kathryn R. and Greenhill, Simon J. and Bowern, Claire and Gray, Russell D. and Colwell, Robert K. and Evans, Nicholas and Gavin, Michael C.},
  year = {2019},
  month = mar,
  volume = {286},
  pages = {20190242},
  publisher = {{The Royal Society}},
  doi = {10.1098/rspb.2019.0242},
  journal = {Proceedings of the Royal Society B: Biological Sciences},
  number = {1899}
}

@article{pagel1994detecting,
  title = {Detecting {{Correlated Evolution}} on {{Phylogenies}}: {{A General Method}} for the {{Comparative Analysis}} of {{Discrete Characters}}},
  author = {Pagel, Mark},
  year = {1994},
  volume = {255},
  pages = {37--45},
  publisher = {{The Royal Society London}},
  journal = {Proceedings of the Royal Society of London. Series B: Biological Sciences},
  number = {1342}
}

@article{paradis2004ape,
  title = {{{APE}}: {{Analyses}} of {{Phylogenetics}} and {{Evolution}} in {{R}} {{Language}}},
  author = {Paradis, Emmanuel and Claude, Julien and Strimmer, Korbinian},
  year = {2004},
  volume = {20},
  pages = {289--290},
  publisher = {{Oxford University Press}},
  journal = {Bioinformatics},
  number = {2}
}

@incollection{parkvall2008,
  title = {The {{Simplicity}} of {{Creoles}} in a {{Cross}}-{{Linguistic Perspective}}},
  booktitle = {Language {{Complexity}}. {{Typology}}, {{Contact}}, {{Change}}},
  author = {Parkvall, Mikael},
  editor = {Miestamo, Matti and Sinnem{\"a}ki, Kaius and Karlsson, Fred},
  year = {2008},
  publisher = {{John Benjamins Publishing Company}},
  address = {{Amsterdam}},
  page = {265-285}
}

@inproceedings{parkvallhaderatt,
  title = {Grammatical {{Simplicity}} in a {{Cross}}-{{Linguistic Perspective}}: {{APiCS}} {{Meets}} {{WALS}}},
  booktitle = {Creole and Pidgin Language Structure in Cross-Linguistic Perspective},
  author = {Michaelis, Susanne Maria and Haspelmath, Martin and Blasi, Dami{\'a}n},
  year = {2013},
  address = {{Leipzig}},
  howpublished = {Presentation at the workshop: Creole and pidgin language structure in cross-linguistic perspective}
}

@incollection{pawley_2009_solomons,
  title = {The {{Role}} of the {{Solomon Islands}} in the {{First Settlement}} of {{Remote Oceania}}: {{Bringing Linguistic Evidence}} to an {{Archaeological Debate}}},
  booktitle = {Austronesian {{Historical Linguistics}} and {{Culture History}}: {{A Festschrift}} for {{Robert Blust}}},
  author = {Pawley, Andrew},
  editor = {Adelaar, Alexander and Pawley, Andrew},
  year = {2009},
  pages = {515--540},
  publisher = {{Pacific Linguistics}},
  address = {{Canberra}}
}

@article{pawley1966polynesian,
  title = {Polynesian {{Languages}}: {{A}} {{Subgrouping Based}} on {{Shared Innovations}} in {{Morphology}}},
  author = {Pawley, Andrew},
  year = {1966},
  volume = {75},
  pages = {39--64},
  publisher = {{JSTOR}},
  journal = {The Journal of the Polynesian Society},
  number = {1}
}

@incollection{pawley1970change,
  title = {Grammatical {{Reconstruction}} and {{Change}} in {{Polynesia}} and {{Fiji}}},
  booktitle = {Studies in {{Honour}} of {{Arthur Capell}}},
  author = {Pawley, Andrew},
  editor = {Wurm, SA and Laycock, DC},
  year = {1970},
  pages = {301--368},
  publisher = {{Pacific Linguistics}},
  address = {{Canberra}}
}

@article{pawley1973dating,
  ids = {pawley\_green\_1973},
  title = {Dating the {{Dispersal}} of the {{Oceanic}} {{Languages}}},
  author = {Pawley, Andrew and Green, Roger},
  year = {1973},
  volume = {12},
  pages = {1--67},
  publisher = {{JSTOR}},
  journal = {Oceanic Linguistics},
  number = {1/2}
}

@article{pawley1973some,
  title = {Some {{Problems}} in {{Proto}}-{{Oceanic Grammar}}},
  author = {Pawley, Andrew},
  year = {1973},
  volume = {12},
  pages = {103--188},
  publisher = {{University of Hawai'i Press}},
  journal = {Oceanic Linguistics},
  number = {1/2}
}

@incollection{pawley1995prehistory,
  title = {The {{Prehistory}} of {{Oceanic}} {{Languages}}: {{A Current View}}},
  booktitle = {The {{Austronesians}}: {{Historical}} and {{Comparative Perspectives}}},
  author = {Pawley, Andrew and Ross, Malcolm},
  editor = {Bellwood, Peter S. and Fox, James J. and Tryon, Darrell},
  year = {1995},
  pages = {39--74},
  publisher = {{Department of Anthropology, Research School of Pacific and Asian Studies, The Australian National University}},
  address = {{Canberra}}
}

@incollection{pawley2005meaning,
  title = {The {{Meaning}}(s) of {{Proto Oceanic}}* {{Panua}}},
  booktitle = {A {{Polymath Anthropologist}}: {{Essays}} in {{Honour}} of {{Ann Chowning}}},
  author = {Pawley, Andrew},
  editor = {C. Gross, H.D. Lyons, D.A. Counts},
  year = {2005},
  pages = {133--145},
  publisher = {{Department of Anthropology, University of Auckland}},
  address = {{Auckland}},
  number = {6},
  page = {133-145},
  series = {Research in {{Anthropology}} and {{Linguistics Monograph}}}
}

@article{dinnage2020spatiophylogenetic,
  title={Spatiophylogenetic modelling of extinction risk reveals evolutionary distinctiveness and brief flowering period as threats in a hotspot plant genus},
  author={Dinnage, Russell and Skeels, Alexander and Cardillo, Marcel},
  journal={Proceedings of the Royal Society B},
  volume={287},
  number={1926},
  pages={20192817},
  year={2020},
  publisher={The Royal Society}
}

@article{pawley2006explaining,
  title = {Explaining the {{Aberrant}} {{Austronesian}} {{Languages}} of {{Southeast}} {{Melanesia}}: 150 {{Years}} of {{Debate}}},
  author = {Pawley, Andrew},
  year = {2006},
  volume = {115},
  pages = {215--258},
  publisher = {{Polynesian Society}},
  journal = {The Journal of the Polynesian Society},
  number = {3}
}

@inproceedings{pawley2007,
  title = {Why {{Do}} {{Polynesian}} {{Island Groups Have One Language}} and {{Melanesian}} {{Island Groups Have Many}}? {{Patterns}} of {{Interaction}} and {{Diversification}} in the {{Austronesian}} {{Colonisation}} in {{Remote Oceania}}},
  booktitle = {Workshop on {{Migration}}},
  author = {Pawley, Andrew},
  year = {2007},
  address = {{Ile de Porquerolles, France}},
  conference = {Workshop on Migration}
}

@incollection{pawley2007locatingoceanic,
  title = {Locating {{Proto Oceanic}}},
  booktitle = {The {{Physical Environment}}},
  author = {Pawley, Andrew},
  editor = {Ross, Malcolm and Pawley, Andrew and Osmond, Meredith},
  year = {2007},
  volume = {3},
  pages = {17--34},
  publisher = {{ANU Electronic Press}},
  address = {{Canberra}},
  series = {The {{Lexicon}} of {{Proto Oceanic}}: {{The}} {{Culture}} and {{Environment}} of {{Ancestral}} {{Oceanic}} {{Society}}}
}

@incollection{pawley81,
  title = {Melanesian {{Diversity}} and {{Polynesian Homogeneity}} - a {{Unified Explanation}} for {{Language}}},
  booktitle = {Studies in {{Pacific Languages}} \& {{Cultures}} in {{Honour}} of {{Bruce Biggs}}},
  author = {Pawley, Andrew},
  editor = {Hollyman, Jim and Pawley, Andrew},
  year = {1981},
  pages = {269--309},
  publisher = {{Linguistic Society of New Zealand}},
  address = {{Auckland}}
}

@misc{phangorn,
  title = {Package `{{Phangorn}}'},
  author = {Schliep, Klaus and Potts, Alastair and White, Tim W. and Stachniss, Cyrill and Kendall, Michelle and Halabi, Keren and Bilderbeek, Richel and Winchell, Kristin},
  year = {2019},
  url = {https://CRAN.R-project.org/package=phangorn}
}

@book{phoible,
  title = {{{PHOIBLE Online}}},
  editor = {Moran, Steven and McCloy, Daniel and Wright, Richard},
  year = {2014},
  publisher = {{Max Planck Institute for Evolutionary Anthropology}},
  address = {{Leipzig}},
  url = {http://phoible.org/}
}

@book{pol_outliers_stat_art,
  title = {Polynesian {{Outliers}} \textemdash{} {{The}} {{State}} of the {{Art}}},
  editor = {Feinberg, Richard and Scaglion, Richard},
  year = {2012},
  publisher = {{Department of Anthropology, University of Pittsburgh}},
  address = {{United States of America}},
  number = {21},
  series = {Ethnology {{Monographs}}}
}

@misc{ponsa_2016,
  title = {Are {{American Samoans American}}?},
  author = {Ponsa, Christina Duffy},
  year = {2016},
  publisher = {{The New York Times Company}},
  url = {https://www.nytimes.com/2016/06/08/opinion/are-american-samoans-american.html},
  journal = {New York Times}
}

@article{posth_jena_ancient_dna_vanuatu_2018,
  title = {Language {{Continuity}} despite {{Population Replacement}} in {{Remote Oceania}}},
  author = {Posth, Cosimo and N{\"a}gele, Kathrin and Colleran, Heidi and Valentin, Fr{\'e}d{\'e}rique and Bedford, Stuart and Kami, Kaitip W. and Shing, Richard and Buckley, Hallie and Kinaston, Rebecca and Walworth, Mary and Clark, Geoffrey R. and Reepmeyer, Christian and Flexner, James and Maric, Tamara and Moser, Johannes and Gresky, Julia and Kiko, Lawrence and Robson, Kathryn J. and Auckland, Kathryn and Oppenheimer, Stephen J. and Hill, Adrian V. S. and Mentzer, Alexander J. and Zech, Jana and Petchey, Fiona and Roberts, Patrick and Jeong, Choongwon and Gray, Russell D. and Krause, Johannes and Powell, Adam},
  year = {2018},
  volume = {2},
  pages = {731--740},
  journal = {Nature Ecology \& Evolution}
}

@book{protooceanicvol1,
  title = {Material {{Culture}}},
  editor = {Ross, Malcolm and Pawley, Andrew and Osmond, Meredith},
  year = {1998},
  volume = {1},
  publisher = {{ANU Electronic Press}},
  address = {{Canberra}},
  series = {The {{Lexicon}} of {{Proto Oceanic}}: {{The}} {{Culture}} and {{Environment}} of {{Ancestral}} {{Oceanic}} {{Society}}}
}

@book{protooceanicvol2,
  title = {The {{Physical Environment}}},
  editor = {Ross, Malcolm and Pawley, Andrew and Osmond, Meredith},
  year = {2007},
  edition = {Second},
  volume = {2},
  publisher = {{ANU Electronic Press}},
  address = {{Canberra}},
  series = {The {{Lexicon}} of {{Proto Oceanic}}: {{The}} {{Culture}} and {{Environment}} of {{Ancestral}} {{Oceanic}} {{Society}}}
}

@book{protooceanicvol3,
  title = {Plants},
  editor = {Ross, Malcolm and Pawley, Andrew and Osmond, Meredith},
  year = {2008},
  volume = {3},
  publisher = {{ANU Electronic Press}},
  address = {{Canberra}},
  series = {The {{Lexicon}} of {{Proto Oceanic}}: {{The}} {{Culture}} and {{Environment}} of {{Ancestral}} {{Oceanic}} {{Society}}}
}

@book{protooceanicvol4,
  title = {Animals},
  editor = {Ross, Malcolm and Pawley, Andrew and Osmond, Meredith},
  year = {2011},
  volume = {4},
  publisher = {{ANU Electronic Press}},
  address = {{Canberra}},
  series = {The {{Lexicon}} of {{Proto Oceanic}}: {{The}} {{Culture}} and {{Environment}} of {{Ancestral}} {{Oceanic}} {{Society}}}
}

@book{protooceanicvol5,
  title = {People: {{Body}} and {{Mind}}},
  editor = {Ross, Malcolm and Pawley, Andrew and Osmond, Meredith},
  year = {2016},
  volume = {5},
  publisher = {{ANU Electronic Press}},
  address = {{Canberra}},
  series = {The {{Lexicon}} of {{Proto Oceanic}}: {{The}} {{Culture}} and {{Environment}} of {{Ancestral}} {{Oceanic}} {{Society}}}
}

@article{purvis1994truth,
  title = {Truth or {{Consequences}}: {{Effects}} of {{Phylogenetic Accuracy}} on {{Two Comparative Methods}}},
  author = {Purvis, Andy and Gittleman, John L and Luh, Hang-Kwang},
  year = {1994},
  volume = {167},
  pages = {293--300},
  publisher = {{Elsevier}},
  journal = {Journal of theoretical biology},
  number = {3}
}

@phdthesis{quackenbush1968sonsorol,
  title = {From {{Sonsorol}} to {{Truk}}: {{A}} {{Dialect Chain}}},
  author = {Quackenbush, Edward Miller},
  year = {1968},
  school = {University of Michigan},
  type = {{{PhD Thesis}}}
}

@book{R,
  title = {R: {{A}} {{Language}} and {{Environment}} for {{Statistical Computing}}},
  author = {{R Core Team}},
  year = {2019},
  publisher = {{R Foundation for Statistical Computing}},
  url = {https://www.R-project.org/},
  organization = {{R Foundation for Statistical Computing}}
}

@article{raviv2019compositional,
  title = {Compositional {{Structure Can Emerge}} without {{Generational Transmission}}},
  author = {Raviv, Limor and Meyer, Antje and {Lev-Ari}, Shiri},
  year = {2019},
  volume = {182},
  pages = {151--164},
  publisher = {{Elsevier}},
  journal = {Cognition}
}

@article{raviv2019larger,
  title = {Larger {{Communities Create More Systematic Languages}}},
  author = {Raviv, Limor and Meyer, Antje and {Lev-Ari}, Shiri},
  year = {2019},
  volume = {286},
  pages = {20191262},
  publisher = {{The Royal Society}},
  journal = {Proceedings of the Royal Society B},
  number = {1907}
}

@article{ray_1920_tikopia,
  title = {{{POLYNESIAN LINGUISTICS}}. {{IV}}.\textemdash{{POLYNESIAN LANGUAGES OF THE SANTA CRUZ ARCHIPELAGO}}. {{IV}}.\textemdash{{A Note}} on the {{Tikopia Language}}},
  author = {Ray, Sidney H.},
  year = {1920},
  volume = {29},
  pages = {207--214},
  publisher = {{Polynesian Society}},
  issn = {00324000},
  url = {http://www.jstor.org/stable/20701800},
  journal = {The Journal of the Polynesian Society},
  number = {4(116)}
}

@incollection{reali2014paradox,
  title = {The {{Paradox}} of {{Linguistic Complexity}} and {{Community Size}}},
  booktitle = {Evolution of {{Language}}: {{Proceedings}} of the 10th {{International Conference}} ({{Evolang10}})},
  author = {Reali, Florencia and Chater, Nick and Christiansen, Morten H},
  editor = {Cartmill, Erica A and Roberts, SG and Lyn, H and Cornish, H},
  year = {2014},
  pages = {270--277},
  publisher = {{World Scientific}},
  address = {{Singapore}},
  organization = {{World Scientific}}
}

@article{reesinketal2009,
  title = {Explaining the {{Linguistic Diversity}} of {{Sahul Using Population Models}}},
  author = {Reesink, Ger and Singer, Ruth and Michael, Dunn},
  year = {2009},
  volume = {7},
  pages = {e1000241},
  journal = {PLoS Biology},
  number = {11}
}

@book{remote_oceania_book,
  title = {The {{Oxford Handbook}} of {{Prehistoric Oceania}}},
  editor = {Cochrane, Ethan E. and Hunt, Terry L.},
  year = {2018},
  publisher = {{Oxford University Press}},
  address = {{Oxford}}
}

@incollection{rensch1992calculating,
  title = {Calculating {{Lexical Similarity}}},
  booktitle = {Windows on Bilingualism},
  author = {Rensch, Calvin R and Casad, Eugene H.},
  year = {1992},
  pages = {13--15},
  publisher = {{Summer Institute of Linguistics}}
}

@inproceedings{revell_2014,
  title = {Ancestral {{State Reconstruction}}},
  booktitle = {{{AnthroTree}} {{Workshop}} 2014},
  author = {Revell, Liam J.},
  year = {2014},
  address = {{Duke University, Durham, NC}},
  url = {http://www.phytools.org/anthrotree/ancestral-states.pdf}
}

@article{revell2012phytools,
  title = {Phytools: {{An}} {{R}} {{Package}} for {{Phylogenetic Comparative Biology}} (and {{Other Things}})},
  author = {Revell, Liam J},
  year = {2012},
  volume = {3},
  pages = {217--223},
  publisher = {{Wiley Online Library}},
  journal = {Methods in Ecology and Evolution},
  number = {2}
}

@incollection{riesberg2018perception,
  title = {On the {{Perception}} of {{Prosodic Prominences}} and {{Boundaries}} in {{Papuan Malay}}},
  booktitle = {A {{Cross}}-Linguistic {{Perspective}} on {{Information Structure}} in {{Austronesian Languages}}},
  author = {Riesberg, Sonja and Kalbertodt, Janina and Baumann, Stefan and Himmelmann, Nikolaus P},
  editor = {Shiohara, Asako and Utsumi, Atsuko},
  year = {2018},
  pages = {389--414},
  publisher = {{Language Science Press Berlin, Germany}},
  address = {{Berlin}}
}

@incollection{rieth_cochrane_2018,
  title = {The {{Chronology}} of {{Colonization}} in {{Remote Oceania}}},
  booktitle = {The {{Oxford Handbook}} of {{Prehistoric Oceania}}},
  author = {Rieth, Timothy M. and Cochrane, Ethan E.},
  editor = {Cochrane, Ethan E. and Hunt, Terry L.},
  year = {2018},
  publisher = {{Oxford University Press}},
  address = {{Oxford}},
  url = {https://doi.org/10.1093/oxfordhb/9780199925070.013.010}
}

@article{rijkhoff1993method,
  title = {A {{Method}} of {{Language Sampling}}},
  author = {Rijkhoff, Jan and Bakker, Dik and Hengeveld, Kees and Kahrel, Peter},
  year = {1993},
  volume = {17},
  pages = {169--203},
  publisher = {{John Benjamins}},
  journal = {Studies in Language},
  number = {1}
}

@article{ringe1995nostratic,
  title = {'{{Nostratic}}'and the {{Factor}} of {{Chance}}},
  author = {Ringe Jr, Donald A},
  year = {1995},
  volume = {12},
  pages = {55--74},
  publisher = {{John Benjamins}},
  journal = {Diachronica},
  number = {1}
}

@article{ritsuko2018let,
  title = {Let's {{Talk}} about {{Trees}}: {{Genetic}} {{Relationships}} of {{Languages}} and {{Their Phylogenic Representation}}},
  author = {Ritsuko, Kikusawa and Reid, Lawrence A},
  year = {2018},
  publisher = {{National Museum of Ethnology}},
  journal = {Senri Ethnological Studies},
  number = {98}
}

@phdthesis{roberts2013evolutionary,
  title = {An {{Evolutionary Approach}} to {{Bilingualism}}},
  author = {Roberts, Se{\'a}n Geraint},
  year = {2013},
  school = {The University of Edinburgh},
  type = {{{PhD Thesis}}}
}

@article{roberts2013linguistic,
  title = {Linguistic {{Diversity}} and {{Traffic Accidents}}: {{Lessons}} from {{Statistical Studies}} of {{Cultural Traits}}},
  author = {Roberts, Se{\'a}n and Winters, James},
  year = {2013},
  volume = {8},
  pages = {e70902},
  publisher = {{Public Library of Science}},
  journal = {PloS one},
  number = {8}
}

@book{roger1981cultural,
  title = {Cultural {{Anthropology}}. {{A}} {{Contemporary Perspective}}},
  author = {Keesing, Roger M and  Strathern, Andrew J.},
  year = {1981},
  publisher = {{Fort Worth: Harcourt Brace College Publishers}}
}

@article{rolett2004environmental,
  title = {Environmental {{Predictors}} of {{Pre}}-{{European}} {{Deforestation}} on {{Pacific}} {{Islands}}},
  author = {Rolett, Barry and Diamond, Jared},
  year = {2004},
  volume = {431},
  pages = {443},
  publisher = {{Nature Publishing Group}},
  journal = {Nature},
  number = {7007}
}

@incollection{ross_2017,
  title = {Languages of the {{New Guinea Region}}},
  booktitle = {The {{Cambridge Handbook}} of {{Areal Linguistics}}},
  author = {Ross, Malcolm},
  editor = {Hickey, Raymond},
  year = {2017},
  pages = {758--820},
  publisher = {{Cambridge University Press}},
  doi = {10.1017/9781107279872.029},
  collection = {Cambridge Handbooks in Language and Linguistics},
  place = {Cambridge},
  series = {Cambridge {{Handbooks}} in {{Language}} and {{Linguistics}}}
}

@incollection{ross1996contact,
  ids = {ross19968},
  title = {Contact-{{Induced Change}} and the {{Comparative}}},
  booktitle = {The {{Comparative Method Reviewed}}: {{Regularity}} and {{Irregularity}} in {{Language Change}}},
  author = {Ross, Malcolm},
  editor = {Durie, Mark and Ross, Malcolm},
  year = {1996},
  pages = {180--217},
  publisher = {{Oxford University Press on Demand}},
  address = {{Oxford}}
}

@article{ross2004morphosyntactic,
  title = {The {{Morphosyntactic Typology}} of {{Oceanic}} {{Languages}}},
  author = {Ross, Malcolm D.},
  year = {2004},
  volume = {5},
  pages = {491--541},
  publisher = {{Institute of Linguistics, Academia Sinica}},
  journal = {Language and Linguistics},
  number = {2}
}

@incollection{ross2007two,
  title = {Two {{Kinds}} of {{Locative Construction}} in {{Oceanic}} {{Languages}}: {{A}} {{Robust Distinction}}},
  booktitle = {Language {{Description}}, {{History}} and {{Development}}: {{Linguistic}} {{Indulgence}} in {{Memory}} of {{Terry Crowley}}},
  author = {Ross, Malcolm D.},
  editor = {Siegel, Jeff and Lynch, John and Eades, Diana},
  year = {2007},
  pages = {281--295},
  publisher = {{John Benjamins Publishing Company}}
}

@inproceedings{roundalt2013,
  title = {How to {{Design}} a {{Dataset Which Doesn}}'t {{Undermine Automated Analysis}}},
  booktitle = {Association for {{Linguistic Typology}}'s 10th {{Biennial Conference}} ({{ALT}} 10)},
  author = {Round, Erich and Bonnin, Cicely},
  year = {2013},
  address = {{University of Leipzig, Germany}}
}

@inproceedings{roundmfm2013,
  title = {``{{Big}} {{Data}}'' {{Typology}} and {{Linguistic Phylogenetics}}: {{Design}} {{Principles}} for {{Valid Datasets}}},
  booktitle = {21st {{Manchester Phonology Meeting}}},
  author = {Round, Erich},
  year = {2013},
  address = {{Manchester, UK}}
}

@book{ruhlen1991guide,
  title = {A {{Guide}} to the {{World}}'s {{Languages}}: {{Classification}}},
  author = {Ruhlen, Merritt},
  year = {1991},
  volume = {1},
  publisher = {{Stanford University Press}}
}

@article{sahlins63,
  title = {Poor {{Man}}, {{Rich Man}}, {{Big}}-{{Man}}, {{Chief}}: {{Political}} {{Types}} in {{Melanesia}} and {{Polynesia}}},
  author = {Sahlins, Marshall D.},
  year = {1963},
  volume = {5},
  pages = {285--303},
  journal = {Comparative Studies in Society and History},
  number = {3},
  page = {285-303}
}

@misc{sails,
  title = {South {{American Indigenous Language Structures}} ({{SAILS}})},
  author = {Muysken, Pieter and Hammarstr{\"o}m, Harald and {Olga Krasnoukhova} and {Neele M\"uller} and {Joshua Birchall} and {Simon van de Kerke} and {Loretta O'Connor} and {Swintha Danielsen} and {Rik van Gijn} and Saad, George},
  year = {2016},
  url = {https://sails.clld.org/},
  journal = {Max Planck Institute for the Science of Human History},
  type = {Database}
}

@incollection{sakiyama_ngulu,
  title = {The {{Characteristics}} of {{Nguluwan}} from the {{Viewpoint}} of {{Language Contact}}},
  booktitle = {Studies of {{Minority Languages}} in the {{Western Pacific Rim}}},
  author = {Sakiyama, Osamu},
  editor = {Sakiyama, Osamu},
  year = {2003},
  volume = {6},
  pages = {107--128},
  publisher = {{ELPR}},
  address = {{Osaka}},
  besttxt = {ptxt2\textsubscript{n}guluwan2003\textsubscript{o}.txt},
  cfn = {papua\textsubscript{n}guluwan2003\textsubscript{o}.pdf},
  delivered = {papua\textsubscript{n}guluwan2003\textsubscript{o}.pdf},
  fn = {papua\textsubscript{n}guluwan2003.pdf, papua\textsubscript{w}estern-pacific2003.pdf, papua\textsubscript{n}guluwan2003\textsubscript{o}.pdf},
  hhtype = {comparative;wordlist},
  inlg = {English [eng]},
  lgcode = {Nguluwan [nuw]},
  macro_area = {Papunesia},
  series = {Endangered {{Languages}} of the {{Pacific Rim Publications Series}}: {{C}}},
  src = {hh}
}

@techreport{samoan_fale_layout,
  title = {The {{Samoan Fale}}},
  author = {Higginson, F. L.},
  year = {1992},
  address = {{Apia}},
  institution = {{UNESCO Office for the Pacific States / UNESCO Office for the Pacific States}}
}

@techreport{samoancensus2011analytical,
  title = {Population and {{Housing Census}} - {{Analytical Report}} [{{Accessed}} 2016-03-19]},
  author = {{Samoan Bureau of Statistics}},
  year = {2011},
  institution = {{Samoan Bureau of Statistics}},
  url = {https://www.sbs.gov.ws/populationanddemography}
}

@article{samoancensus2015,
  title = {Population and {{Demographic Indicator Summary}}. {{Estimate}} for 2014 [{{Accessed}} 2015-06-14]},
  author = {{Samoan Bureau of Statistics}},
  year = {2015},
  url = {http://www.sbs.gov.ws/index.php/population-demography-and-vital-statistics}
}

@article{samoandiacritics2015,
  title = {Diacritical {{Marks}} and the {{Samoan Language}}},
  author = {Tualaulelei, Eseta Magaui and Mayer, Fepuleai Lasei John and Hunkin, Galumalemana Alfred},
  year = {2015},
  volume = {27},
  pages = {183--207},
  journal = {The Contemporary Pacific},
  number = {1},
  page = {183-207}
}

@article{sankoff1975minimal,
  title = {Minimal {{Mutation Trees}} of {{Sequences}}},
  author = {Sankoff, David},
  year = {1975},
  volume = {28},
  pages = {35--42},
  publisher = {{SIAM}},
  journal = {SIAM Journal on Applied Mathematics},
  number = {1}
}

@incollection{sankoff1988a,
  title = {Sociolinguistics and {{Syntactic Variation}}},
  booktitle = {Linguistics: {{The}} {{Cambridge Survey}}},
  author = {Sankoff, David},
  editor = {Newmeyer, Frederick J.},
  year = {1988},
  volume = {4: Language: The Sociocultural context},
  pages = {140--161},
  publisher = {{Cambridge University Press}},
  address = {{Cambridge}},
  page = {140-161}
}

@book{sapir1916time,
  title = {Time {{Perspective}} in {{Aboriginal}} {{American}} {{Culture}}: {{A Study}} in {{Method}}},
  author = {Sapir, Edward},
  year = {1916},
  volume = {90},
  publisher = {{Government Printing Bureau}}
}

@book{sayitinsamoan,
  title = {Say {{It}} in {{Samoan}}},
  author = {Mosel, Ulrike and So'o, Ainslie},
  year = {1997},
  publisher = {{Pacific Linguistics}},
  address = {{Canberra}},
  bibtexkey = {mosel-soo\textsubscript{s}ay-samoan1997},
  class_loc = {PL6501.1},
  document_type = {B},
  fn = {papua-soo\textsubscript{s}amoan1997.pdf},
  hhtype = {grammar},
  inlg = {English [eng]},
  inlg_code = {eng},
  isbn = {978-0-85883-459-0},
  macro_area = {Papua}
}

@book{sBaileyPanjabi,
  title = {Panjabi {{Grammar}}; a {{Brief Grammar}} of {{Panjabi}} as {{Spoken}} in the {{Wazirabad District}}},
  author = {Bailey, Grahame T.},
  year = {1904},
  publisher = {{Lahore: Punjab Government Press}}
}

@incollection{schoeffel1995,
  title = {The {{Samoan Concept}} of {{{\emph{Feagaiga}}}} and Its {{Transformation}}},
  booktitle = {Tonga and {{Samoa}}: {{Images}} of {{Gender}} and {{Polity}}},
  author = {Schoeffel, Penelope},
  editor = {Huntsman, Judith},
  year = {1995},
  publisher = {{Macmillan Brown Centre for Pacific Studies}},
  address = {{Christchurch}}
}

@article{schoeffel1999samoan,
  title = {Samoan {{Exchange}} and `{{Fine Mats}}': {{An}} {{Historical Reconsideration}}},
  author = {Schoeffel, Penelope},
  year = {1999},
  volume = {108},
  pages = {117--148},
  journal = {The Journal of the Polynesian Society},
  number = {2}
}

@article{schoeffel87,
  ids = {schoeffel1987rank},
  title = {Rank, {{Gender}} and {{Politics}} in {{Ancient S\=amoa}}: {{The}} {{Genealogy}} of {{Salam\=asina}} o {{Le Tafaif\=a}}},
  author = {Schoeffel, Penelope},
  year = {1987},
  volume = {22},
  pages = {174--194},
  publisher = {{Taylor \& Francis}},
  journal = {Journal of Pacific History},
  number = {4}
}

@incollection{schuurman2016clarin,
  title = {{{CLARIN}} {{Concept Registry}}: {{The New Semantic Registry}}},
  booktitle = {Selected {{Papers}} from the {{CLARIN}} {{Annual Conference}} 2015, {{October}} 14\textendash 16, 2015, {{Wroclaw}}, {{Poland}}},
  author = {Schuurman, Ineke and Windhouwer, Menzo and Ohren, Oddrun and Zeman, Daniel},
  editor = {De Smedt, Koenraad},
  year = {2016},
  pages = {62--70},
  publisher = {{Link\"oping University Electronic Press}}
}

@article{schwartz1978culture,
  title = {Where {{Is}} the {{Culture}}? {{Personality}} as the {{Distributive Locus}} of {{Culture}}},
  author = {Schwartz, Theodore},
  year = {1978},
  pages = {419--441},
  publisher = {{University of California Press Berkeley}},
  journal = {The making of psychological anthropology}
}

@article{scott2010language,
  title = {Language {{Evolution}} in the {{Laboratory}}},
  author = {{Scott-Phillips}, Thomas C and Kirby, Simon},
  year = {2010},
  volume = {14},
  pages = {411--417},
  publisher = {{Elsevier}},
  journal = {Trends in Cognitive Sciences},
  number = {9}
}

@book{sealey1976history,
  title = {A {{History}} of the {{Greek City States}}, 700-338 {{BC}}},
  author = {Sealey, R. and Press, University of California},
  year = {1976},
  publisher = {{University of California Press}},
  url = {https://books.google.se/books?id=pawwDwAAQBAJ},
  isbn = {978-0-520-03177-7},
  lccn = {lc75027934},
  series = {Campus ({{Berkeley}}, {{Calif}}.)}
}

@article{Sean_2018,
  title = {Robust, {{Causal}}, and {{Incremental Approaches}} to {{Investigating Linguistic Adaptation}}},
  author = {Roberts, Se{\'a}n},
  year = {2018},
  month = feb,
  volume = {9},
  publisher = {{Frontiers Media S.A.}},
  issn = {1664-1078},
  doi = {10.3389/fpsyg.2018.00166},
  journal = {Frontiers in Psychology},
  language = {English}
}

@article{sheehan2018coevolution,
  title = {Coevolution of {{Landesque Capital Intensive Agriculture}} and {{Sociopolitical Hierarchy}}},
  author = {Sheehan, Oliver and Watts, Joseph and Gray, Russell D and Atkinson, Quentin D},
  year = {2018},
  volume = {115},
  pages = {3628--3633},
  publisher = {{National Acad Sciences}},
  journal = {Proceedings of the National Academy of Sciences},
  number = {14}
}

@inproceedings{shore1980,
  title = {Speech {{Styles}} and {{Social Context}}: {{A}} {{Samoan}} {{Case Study}}},
  booktitle = {Symposium on {{Language}} and {{Politics}} in {{Oceania}}},
  author = {Shore, Bradd},
  year = {1980},
  address = {{Association for Social Anthropology Oceania, Galveston, Texas}},
  conference = {Symposium on Language and Politics in Oceania}
}

@book{shore82,
  title = {Salailua: {{A}} {{Samoan Mystery}}},
  author = {Shore, Bradd},
  year = {1982},
  publisher = {{Columbia University Press}},
  address = {{New York}}
}

@book{silverstein1981limits,
  title = {The {{Limits}} of {{Awareness}}},
  author = {Silverstein, Michael},
  year = {1981},
  publisher = {{Southwest Educational Development Laboratory Austin, TX}}
}

@incollection{solovyev2013database,
  title = {Database ``{{Languages}} of the {{World}}'' and {{Its Application}}. {{State}} of the {{Art}}},
  booktitle = {Computational Linguistics and Intellectual Technologies: {{Based}} on the Materials of the Annual {{International Dialogue Conference}} ({{Bekasovo}}, {{May}} 29 - {{June}} 2, 2013)},
  author = {Solovyev, VD and Polyakov, VN},
  year = {2013},
  volume = {12},
  pages = {748--758},
  publisher = {{Publishing House of the Russian State Humanitarian University}},
  url = {http://www.dialog-21.ru/media/1292/solovyevvd.pdf}
}

@article{speedy2013reflections,
  title = {Reflections on {{Creole Genesis}} in {{New Caledonia}}},
  author = {Speedy, Karin},
  year = {2013},
  volume = {45},
  pages = {187--205},
  publisher = {{Taylor \& Francis}},
  journal = {Acta Linguistica Hafniensia},
  number = {2}
}

@article{spikefifty,
  title = {Fifty {{Shades}} of {{Grue}}: {{Indeterminate Categories}} and {{Induction}} in and out of the {{Language Sciences}}},
  author = {Spike, Matthew},
  year = {2020},
    journal={Linguistic Typology},
  volume={1},
  year={2020},
  publisher={De Gruyter Mouton}
}
  url = {https://doi.org/10.13140/RG.2.2.29882.95689},
  note = {forthcoming}
}

@article{splitstree,
  title = {Application of {{Phylogenetic Networks}} in {{Evolutionary Studies}}},
  author = {Huson, D. H. and Bryant, D.},
  year = {2006},
  volume = {23},
  pages = {254--267},
  journal = {Molecular Biology and Evolution},
  number = {2},
  page = {254-267}
}

@article{spyropoulos2009morphology,
  title = {The {{Morphology}} of {{Past}} in {{Greek}}},
  author = {Spyropoulos, Vassilios and Revithiadou, Anthi},
  year = {2009},
  volume = {29},
  pages = {108--122},
  journal = {Studies in Greek Linguistics}
}

@misc{sswl,
  title = {Web-{{Based Database}} of the {{Syntactic Structures}} of the {{World}}'s {{Languages}}},
  author = {{Chris Collins} and {Hilda Koopman} and {Richard Kayne} and Shasha, Dennis and Hagiwara, Ken and Vishwanath, Sangeeta and Rajani, Hiral and Jillian Kozyra, Bosh and Chen, Jessica and King, Norman and Estrada, Michael A and Ho, Timothy and Villa, Bryan},
  year = {2014},
  publisher = {{Linguistic Explorer}},
  address = {{New York}},
  url = {http://test.terraling.com/groups/7}
}

@book{strickberger1990,
  title = {Evolution},
  author = {Strickberger, M.W.},
  year = {1990},
  publisher = {{Jones and Bartlett}},
  address = {{Boston}}
}

@phdthesis{sutton2016pots,
  title = {Pots on the Move? {{The}} Nature of an Early {{Papuan}} Pottery Assemblage from {{Oposisi}}, {{Yule Island}}, {{Papua New Guinea}}},
  author = {Sutton, Nicholas Peter},
  year = {2016},
  school = {University of Otago},
  type = {{{MA Thesis}}}
}

@article{swadesh1950salish,
  title = {Salish {{Internal Relationships}}},
  author = {Swadesh, Morris},
  year = {1950},
  volume = {16},
  pages = {157--167},
  publisher = {{Indiana University}},
  journal = {International Journal of American Linguistics},
  number = {4}
}

@article{swadesh1954perspectives,
  title = {Perspectives and Problems of {{Amerindian}} Comparative Linguistics},
  author = {Swadesh, Morris},
  year = {1954},
  volume = {10},
  pages = {306--332},
  publisher = {{Taylor \& Francis}},
  journal = {Word-journal of The International Linguistic Association},
  number = {2-3}
}

@incollection{szmrecsanyietal2014intro,
  title = {Introduction: {{The}} {{Text}}-{{Feature}}-{{Aggregation Pipeline}} in {{Variation Studies}}},
  booktitle = {Aggregating {{Dialectology}}, {{Typology}}, and {{Register Analysis}} : {{Linguistic}} {{Variation}} in {{Text}} and {{Speech}}},
  author = {Szmrecsanyi, Benedikt and {W\"alchli}},
  editor = {Szmrecsanyi, Benedikt and W{\"a}lchli, Bernhard and Auer, Peter},
  year = {2014},
  publisher = {{Walter de Gruyter}},
  address = {{Tubingen}},
  series = {Linguae and {{Litterae}}: 28}
}

@book{tcherk2008first,
  title = {First {{Contacts}} in {{Polynesia}}: {{The Samoan Case}} (1722-1848) {{Western Misunderstandings}} about {{Sexuality}} and {{Divinity}}},
  author = {Tcherk{\'e}zoff, Serge},
  year = {2008},
  publisher = {{ANU E Press}},
  address = {{Canberra}}
}

@article{terrell1976island,
  title = {Island {{Biogeography}} and {{Man}} in {{Melanesia}}},
  author = {Terrell, John},
  year = {1976},
  volume = {11},
  pages = {1--17},
  publisher = {{JSTOR}},
  journal = {Archaeology \& Physical Anthropology in Oceania},
  number = {1}
}

@book{thomason1992language,
  title = {Language {{Contact}}, {{Creolization}}, and {{Genetic Linguistics}}},
  author = {Thomason, Sarah Grey and Kaufman, Terrence},
  year = {1992},
  publisher = {{Univ of California Press}}
}

@book{thomason97,
  title = {Contact {{Languages}}: {{A}} {{Wider Perspective}}},
  editor = {Thomason, Sarah},
  year = {1997},
  publisher = {{John Benjamins}},
  address = {{Amsterdam}}
}

@book{thurston1987processes,
  title = {Processes of Change in the Languages of North-Western {{New Britain}}},
  author = {Thurston, William R},
  year = {1987},
  publisher = {{Pacific Linguistics}},
  address = {{Canberra}}
}

@article{tidyverse13,
  title = {Welcome to the {{tidyverse}}},
  author = {Wickham, Hadley and Averick, Mara and Bryan, Jennifer and Chang, Winston and McGowan, Lucy D'Agostino and Fran{\c c}ois, Romain and Grolemund, Garrett and Hayes, Alex and Henry, Lionel and Hester, Jim and Kuhn, Max and Pedersen, Thomas Lin and Miller, Evan and Bache, Stephan Milton and M{\"u}ller, Kirill and Ooms, Jeroen and Robinson, David and Seidel, Dana Paige and Spinu, Vitalie and Takahashi, Kohske and Vaughan, Davis and Wilke, Claus and Woo, Kara and Yutani, Hiroaki},
  year = {2019},
  volume = {4},
  pages = {1686},
  doi = {10.21105/joss.01686},
  journal = {Journal of Open Source Software},
  number = {43}
}

@book{traskdictgram,
  title = {A {{Dictionary}} of {{Grammatical Terms}} in {{Linguistics}}},
  author = {Trask, Robert L.},
  year = {1993},
  publisher = {{Routledge}},
  address = {{London}}
}

@book{traskkeyconcepts,
  title = {Key {{Concepts}} in {{Language}} and {{Linguistics}}},
  author = {Trask, Robert L.},
  year = {1999},
  publisher = {{Routledge}},
  address = {{London}}
}

@book{trudgillsocio,
  title = {Sociolinguistic {{Typology}}},
  author = {Trudgill, Peter},
  year = {2011},
  publisher = {{Oxford University Press}},
  address = {{Oxford}}
}

@incollection{tryon1996dialect,
  title = {Dialect Chaining and the Use of Geographical Space},
  booktitle = {Arts of {{Vanuatu}}},
  author = {Tryon, Darrell},
  year = {1996},
  pages = {170--181},
  publisher = {{University of Hawaii Press}}
}

@book{tuimalealiifano2006,
  title = {O {{Tama}} {{A}}'{{\=Aiga}} - the {{Politics}} of {{Succession}} to {{S\=amoa}}'s {{Paramount Titles}}},
  author = {Tuimaleaali'ifano, A. Morgan},
  year = {2006},
  publisher = {{Institute of Pacific Studies, The University of the South Pacific}},
  address = {{Suva, Fiji}}
}

@phdthesis{tuimuaiava2020,
  title = {'{{O}} {{Li}}'ili'{{I}} 'o {{Lisega}} 'o {{Le Fanaa}}'e: {{Missionary}} and {{Government Influences}} on {{Samoan}} {{Language Change}} 1906-2014},
  shorttitle = {'{{O}} {{Li}}'ili'{{I}} 'o {{Lisega}} 'o {{Le Fanaa}}'e},
  author = {Muaiava, Sadat Petelo},
  year = {2020},
  url = {http://researcharchive.vuw.ac.nz/handle/10063/8737},
  urldate = {2020-05-13},
  language = {en\_NZ},
  school = {Victoria University of Wellington},
  type = {{{PhD Thesis}}}
}

@book{turner1884,
  title = {Samoa: {{A Hundred Years Ago}} and {{Long}} before; {{Together}} with {{Notes}} on the {{Cults}} and {{Customs}} of {{Twenty}}-{{Three Other Islands}} in the {{Pacific}}},
  author = {Turner, George},
  year = {1884},
  publisher = {{Macmillan and Co}},
  address = {{London}}
}

@phdthesis{tuskamoto_niuafoou,
  title = {The {{Language}} of {{Niuafo}}'ou {{Island}}},
  author = {Tsukamoto, Akihisa},
  year = {1988},
  address = {{Canberra}},
  besttxt = {ptxt\textsubscript{n}iuafoou1988.txt},
  cfn = {papua\textsubscript{n}iuafoou1988\textsubscript{o}.pdf},
  class_loc = {PL6172.L27},
  delivered = {papua\textsubscript{n}iuafoou1988\textsubscript{o}.pdf},
  document_type = {7 MF},
  fn = {papua\textsubscript{n}iuafoou1988\textsubscript{o}.pdf, papua\textsubscript{n}iuafoou1988.pdf, papua/tsukamoto\textsubscript{n}iuafoou1988\textsubscript{o}.pdf},
  hhtype = {grammar},
  inlg = {English [eng]},
  lgcode = {Niuafo'ou [num]},
  macro_area = {Papunesia},
  mpi_eva_library_shelf = {please ask library staff},
  mpifn = {niuafoou\textsubscript{t}sukamoto1988\textsubscript{o}.pdf},
  oclc = {222730362},
  school = {Australian National University},
  src = {hh, mpieva, wals},
  subject_headings = {Niuafo'ou (Tonga) - Languages, Niuafo'ou (Tonga) - Languages},
  type = {{{PhD Thesis}}}
}

@article{typMassamSperlichNiuean,
  title = {Possession in {{Niuean}}},
  author = {Massam, Diane and Sperlich, Wolfgang},
  year = {2000},
  volume = {53},
  pages = {281--292},
  journal = {Sprachtypologie und Universalienforschung},
  number = {3-4}
}

@misc{universalsarchive,
  title = {The {{Universals Archive}}},
  author = {Planck, Frans and Mayer, Thomas and Mayorava, Tatsiana and Filimonova, Elena},
  year = {2009},
  publisher = {{Universitat Konstanz}},
  address = {{Konstanz}},
  url = {http://typo.uni-konstanz.de/archive/}
}

@article{US-census-scholastic-2000,
  title = {Census 2000 {{American Samoa Teaching Kit}}},
  author = {{United States, Bureau of the Census}},
  year = {2000},
  key = {United States, Bureau of the Census}
}

@incollection{vakamoanaplanttrails,
  title = {Plant {{Trails}}},
  booktitle = {Vaka {{Moana}}, {{Voyages}} of the {{Ancestors}}: {{The}} {{Discovery}} and {{Settlement}} of the {{Pacific}}},
  author = {Matthews, P.J.},
  editor = {Howe, K. R.},
  year = {2007},
  publisher = {{David Bateman}}
}

@book{van1979information,
  title = {Information {{Retrieval}}},
  author = {Van Rijsbergen, Cornelis Joost},
  year = {1979},
  publisher = {{Butterworths}}
}

@incollection{vanhove2005lien,
  title = {Du {{Lien Entre Propositions Temporelles}} et {{Anaphore En Bedja}}},
  booktitle = {Studi {{Afroasiatici}}. {{XI}} {{Incontro Italiano Di Linguistica Camitosemitica}}},
  author = {Vanhove, Martine},
  year = {2005},
  pages = {153--166},
  publisher = {{Francoangeli}}
}

@incollection{vanhove2012beja,
  title = {Beja {{Grammatical Sketch}}},
  booktitle = {The {{CorpAfroAs Corpus}} of {{Spoken AfroAsiatic Languages}}},
  author = {Vanhove, Martine},
  editor = {Mettouchi, A and Chanard, C},
  year = {2014},
  pages = {1--68},
  publisher = {{The CorpAfroAs Team}},
  url = {https://corpafroas.huma-num.fr/Archives/},
  note = {unpublished}
}

@book{venables2002modern,
  title = {Modern {{Applied Statistics}} with {{S}}},
  author = {Venables, WN and Ripley, BD},
  year = {2002},
  edition = {4},
  publisher = {{Springer}},
  address = {{New York}}
}

@inproceedings{verkerk2019,
  title = {Testing {{Greenberg}}'s {{Universals}} on a {{Global Scale}}},
  booktitle = {13th {{Association}} for {{Linguistic Typology Conference}}},
  author = {Annemarie Verkerk, Hannah Haynie, Russell Gray and Skirg{\aa}rd, Hedvig},
  year = {2019},
  address = {{Pavia, Italy}},
  url = {http://www.uni-leipzig.de/ bickel/research/presentations/alt2009bickel-plenary.pdf}
}

@article{veselinova2016negative,
  title = {The {{Negative Existential Cycle Viewed}} through the {{Lens}} of {{Comparative Data}}},
  author = {Veselinova, Ljuba},
  year = {2016},
  pages = {139--187},
  publisher = {{Benjamins Amsterdam}},
  journal = {Cyclical change continued}
}

@book{wals,
  title = {{{WALS}} {{Online}}},
  editor = {Dryer, Matthew S. and Haspelmath, Martin},
  year = {2013},
  publisher = {{Max Planck Institute for Evolutionary Anthropology}},
  address = {{Leipzig}},
  url = {http://wals.info/}
}

@book{grambankwebsite,
  title = {Grambank},
  editor = {{The Grambank Consortium}},
  year = {2021},
  publisher = {{Max Planck Institute for Evolutionary Anthropology}},
  address = {{Leipzig}},
  note={Available online at http://grambank.clld.org, Accessed on 2021-07-01.}
}





@incollection{wals-136,
  title = {M-t {{Pronouns}}},
  booktitle = {The {{World Atlas}} of {{Language Structures Online}}},
  author = {Nichols, Johanna and Peterson, David A.},
  editor = {Dryer, Matthew S. and Haspelmath, Martin},
  year = {2013},
  publisher = {{Max Planck Institute for Evolutionary Anthropology}},
  address = {{Leipzig}},
  url = {https://wals.info/chapter/136}
}

@incollection{wals-144,
  title = {Position of {{Negative Morpheme}} with {{Respect}} to {{Subject}}, {{Object}}, and {{Verb}}},
  booktitle = {The {{World Atlas}} of {{Language Structures Online}}},
  author = {Dryer, Matthew S.},
  editor = {Dryer, Matthew S. and Haspelmath, Martin},
  year = {2013},
  publisher = {{Max Planck Institute for Evolutionary Anthropology}},
  address = {{Leipzig}},
  url = {https://wals.info/chapter/144}
}

@incollection{wals-2011-117,
  title = {Predicative {{Possession}}},
  booktitle = {The {{World Atlas}} of {{Language Structures Online}}},
  author = {Stassen, Leon},
  editor = {Dryer, Matthew S. and Haspelmath, Martin},
  year = {2011},
  publisher = {{Max Planck Digital Library}},
  address = {{Munich}},
  url = {http://wals.info/chapter/117}
}

@incollection{wals-44,
  title = {Gender {{Distinctions}} in {{Independent Personal Pronouns}}},
  booktitle = {The {{World Atlas}} of {{Language Structures Online}}},
  author = {Siewierska, Anna},
  editor = {Dryer, Matthew S. and Haspelmath, Martin},
  year = {2013},
  publisher = {{Max Planck Institute for Evolutionary Anthropology}},
  address = {{Leipzig}},
  url = {https://wals.info/chapter/44}
}

@incollection{wals-65,
  title = {Perfective/{{Imperfective}} {{Aspect}}},
  booktitle = {The {{World Atlas}} of {{Language Structures Online}}},
  author = {Dahl, {\"O}sten and Velupillai, Viveka},
  editor = {Dryer, Matthew S. and Haspelmath, Martin},
  year = {2013},
  publisher = {{Max Planck Institute for Evolutionary Anthropology}},
  address = {{Leipzig}},
  url = {https://wals.info/chapter/65}
}

@article{walworth_2014,
  ids = {walworth2014eastern},
  title = {Eastern {{Polynesian}}: {{The}} {{Linguistic Evidence Revisited}}},
  author = {Walworth, Mary},
  year = {2014},
  volume = {53},
  publisher = {{University of Hawai'i Press}},
  doi = {10.1353/ol.2014.0021},
  journal = {Oceanic Linguistics},
  page = {256-272}
}

@phdthesis{walworth2015,
  title = {The {{Language}} of {{Rapa Iti}}: {{Description}} of a {{Language}} in {{Change}}},
  author = {Walworth, Mary},
  year = {2015},
  school = {University of Hawaii at M\=anoa},
  type = {{{PhD Thesis}}}
}

@book{wardashcroft98,
  title = {Samoa - {{Mapping}} the {{Diversity}}},
  author = {Ward, R. Gerard and Ashcroft, Paul},
  year = {1998},
  publisher = {{Institute of Pacific Studies, The University of the South Pacific; National University of Samoa}},
  address = {{Suva, Fiji; Apia, Samoa}}
}

@article{watts_2018,
  ids = {watts2018christianity},
  title = {Christianity {{Spread Faster}} in {{Small}}, {{Politically Structured Societies}}},
  author = {Watts, Joseph and Sheehan, Oliver and Bulbulia, Joseph and Gray, Russell and Atkinson, Quentin},
  year = {2018},
  volume = {2},
  pages = {559--564},
  publisher = {{Nature Publishing Group}},
  doi = {10.1038/s41562-018-0379-3},
  journal = {Nature Human Behaviour}
}

@article{WB_notes,
  title = {Notes},
  author = {Bright, William},
  year = {1997},
  volume = {26},
  pages = {469--470},
  journal = {Language in Society},
  number = {3}
}

@article{weigelt_2013,
  title = {Quantifying {{Island Isolation}} \textendash{} {{Insights}} from {{Global Patterns}} of {{Insular Species Richness}}},
  author = {Weigelt, Patrick and Kreft, Holger},
  year = {2013},
  month = apr,
  volume = {36},
  pages = {417--429},
  doi = {10.1111/j.1600-0587.2012.07669.x},
  journal = {Ecography}
}

@article{wessel1996global,
  title = {A {{Global}}, {{Self}}-{{Consistent}}, {{Hierarchical}}, {{High}}-{{Resolution Shoreline Database}}},
  author = {Wessel, P\aa l and Smith, Walter HF},
  year = {1996},
  volume = {101},
  pages = {8741--8743},
  publisher = {{Wiley Online Library}},
  journal = {Journal of Geophysical Research: Solid Earth},
  number = {B4}
}

@article{wichmann_2019_dialects,
  title = {How to {{Distinguish Languages}} and {{Dialects}}},
  author = {Wichmann, S\o ren},
  year = {2019},
  month = oct,
  pages = {1--10},
  doi = {10.1162/COLI_a_00366},
  journal = {Computational Linguistics}
}

@article{wilks1938large,
  title = {The {{Large}}-{{Sample Distribution}} of the {{Likelihood Ratio}} for {{Testing Composite Hypotheses}}},
  author = {Wilks, Samuel S},
  year = {1938},
  volume = {9},
  pages = {60--62},
  publisher = {{JSTOR}},
  journal = {The Annals of Mathematical Statistics},
  number = {1}
}

@book{williamson2013religious,
  title = {Religious and Cosmic Beliefs of {{Central Polynesia}}},
  author = {Williamson, Robert W},
  year = {2013},
  volume = {2},
  publisher = {{Cambridge University Press}}
}

@article{wilson_whence,
  title = {Whence the {{East Polynesians}}?: {{Further}} {{Linguistic Evidence}} for a {{Northern Outlier Source}}},
  author = {Wilson, William H.},
  year = {2012},
  volume = {51},
  pages = {289--359},
  publisher = {{University of Hawai'i Press}},
  journal = {Oceanic Linguistics},
  number = {2},
  page = {289-359}
}

@book{wilson1982proto,
  title = {Proto-{{Polynesian Possessive Marking}}},
  author = {Wilson, William H},
  year = {1982},
  publisher = {{Pacific Linguistics}},
  address = {{Canberra}}
}

@incollection{WLH1968,
  title = {Empirical {{Foundations}} for a {{Theory}} of {{Language Change}}},
  booktitle = {Directions for {{Historical Linguistics}}: {{A}} {{Symposium}}},
  author = {Weinreich, U. and Labov, W. and Herzog, M.I.},
  editor = {Lehmann, W. and Malkiel, Y.},
  year = {1968},
  publisher = {{University of Texas Press}},
  address = {{Austin, TX}},
  page = {97-195}
}

@book{wolfram_1969,
  title = {A {{Sociolinguistic Description}} of {{Detroit Negro Speech}}},
  author = {Wolfram, Walt},
  year = {1969},
  publisher = {{Center for Applied Linguistics}},
  address = {{Washingto, DC}},
  number = {5},
  series = {Urban {{Language Series}}}
}

@article{wraygrace2007,
  title = {The {{Consequences}} of {{Talking}} to {{Strangers}}: {{Evolutionary Corollaries}} of {{Socio}}-{{Cultural Influences}} on {{Linguistic Form}}},
  author = {Wray, Alison and Grace, George W.},
  year = {2007},
  volume = {117},
  pages = {543--578},
  doi = {10.1016/j.lingua.2005.05.005},
  journal = {Lingua},
  number = {3},
  page = {543-578}
}

@book{yale1945outline,
  title = {Outline of {{Cultural Materials}} {{II}}},
  author = {Murdock, G.P. and C.S. Ford, A.E. Hudson and Kennedy, R. and Simmons, L.W. and Whiting, J.W. M.},
  year = {1945},
  publisher = {{Department of Anthropology, Yale University}}
}

@book{yang2006computational,
  title = {Computational {{Molecular Evolution}}},
  author = {Yang, Ziheng},
  year = {2006},
  publisher = {{Oxford University Press}}
}

@phdthesis{yoshioka_burushaski,
  title = {A {{Reference Grammar}} of {{Eastern Burushaski}}},
  author = {Yoshioka, Noboru},
  year = {2012},
  besttxt = {ptxt2\textsubscript{e}astern-burushaski2012.txt},
  cfn = {eurasia\textsubscript{e}astern-burushaski2012.pdf},
  delivered = {eurasia\textsubscript{e}astern-burushaski2012.pdf},
  fn = {eurasia\textsubscript{e}astern-burushaski2012.pdf},
  hhtype = {grammar},
  inlg = {English [eng]},
  lgcode = {Burushaski [bsk]},
  macro_area = {Eurasia},
  school = {Tokyo University of Foreign Studies},
  src = {hh},
  type = {{{PhD Thesis}}}
}


