@Manual{R-adephylo,
  title = {adephylo: Exploratory Analyses for the Phylogenetic Comparative Method},
  author = {Thibaut Jombart and Stéphane Dray and Anders Ellern Bilgrau},
  year = {2022},
  note = {R package version 1.1-13},
  url = {https://CRAN.R-project.org/package=adephylo},
}

@Manual{R-ape,
  title = {ape: Analyses of Phylogenetics and Evolution},
  author = {Emmanuel Paradis and Simon Blomberg and Ben Bolker and Joseph Brown and Santiago Claramunt and Julien Claude and Hoa Sien Cuong and Richard Desper and Gilles Didier and Benoit Durand and Julien Dutheil and RJ Ewing and Olivier Gascuel and Thomas Guillerme and Christoph Heibl and Anthony Ives and Bradley Jones and Franz Krah and Daniel Lawson and Vincent Lefort and Pierre Legendre and Jim Lemon and Guillaume Louvel and Eric Marcon and Rosemary McCloskey and Johan Nylander and Rainer Opgen-Rhein and Andrei-Alin Popescu and Manuela Royer-Carenzi and Klaus Schliep and Korbinian Strimmer and Damien {de Vienne}},
  year = {2023},
  note = {R package version 5.7-1},
  url = {https://CRAN.R-project.org/package=ape},
}

@Manual{R-assertthat,
  title = {assertthat: Easy Pre and Post Assertions},
  author = {Hadley Wickham},
  year = {2019},
  note = {R package version 0.2.1},
  url = {https://CRAN.R-project.org/package=assertthat},
}

@Manual{R-base,
  title = {R: A Language and Environment for Statistical Computing},
  author = {{R Core Team}},
  organization = {R Foundation for Statistical Computing},
  address = {Vienna, Austria},
  year = {2023},
  url = {https://www.R-project.org/},
}

@Manual{R-beepr,
  title = {beepr: Easily Play Notification Sounds on any Platform},
  author = {Rasmus Bååth},
  year = {2018},
  note = {R package version 1.3},
  url = {https://CRAN.R-project.org/package=beepr},
}

@Manual{R-bib2df,
  title = {bib2df: Parse a BibTeX File to a Data Frame},
  author = {Philipp Ottolinger},
  year = {2019},
  note = {R package version 1.1.1},
  url = {https://github.com/ropensci/bib2df},
}

@Manual{R-caper,
  title = {caper: Comparative Analyses of Phylogenetics and Evolution in R},
  author = {David Orme and Rob Freckleton and Gavin Thomas and Thomas Petzoldt and Susanne Fritz and Nick Isaac and Will Pearse},
  year = {2023},
  note = {R package version 1.0.2},
  url = {https://CRAN.R-project.org/package=caper},
}

@Manual{R-castor,
  title = {castor: Efficient Phylogenetics on Large Trees},
  author = {Stilianos Louca},
  year = {2023},
  note = {R package version 1.7.10},
  url = {https://CRAN.R-project.org/package=castor},
}

@Manual{R-cluster,
  title = {cluster: "Finding Groups in Data": Cluster Analysis Extended Rousseeuw et
al.},
  author = {Martin Maechler and Peter Rousseeuw and Anja Struyf and Mia Hubert},
  year = {2022},
  note = {R package version 2.1.4},
  url = {https://svn.r-project.org/R-packages/trunk/cluster/},
}

@Manual{R-corHMM,
  title = {corHMM: Hidden Markov Models of Character Evolution},
  author = {Jeremy Beaulieu and Brian O'Meara and Jeffrey Oliver and James Boyko},
  year = {2022},
  note = {R package version 2.8},
  url = {https://CRAN.R-project.org/package=corHMM},
}

@Manual{R-data.table,
  title = {data.table: Extension of `data.frame`},
  author = {Matt Dowle and Arun Srinivasan},
  year = {2023},
  note = {R package version 1.14.8},
  url = {https://CRAN.R-project.org/package=data.table},
}

@Manual{R-dplyr,
  title = {dplyr: A Grammar of Data Manipulation},
  author = {Hadley Wickham and Romain François and Lionel Henry and Kirill Müller and Davis Vaughan},
  year = {2023},
  note = {R package version 1.1.4},
  url = {https://CRAN.R-project.org/package=dplyr},
}

@Manual{R-forcats,
  title = {forcats: Tools for Working with Categorical Variables (Factors)},
  author = {Hadley Wickham},
  year = {2023},
  note = {R package version 1.0.0},
  url = {https://CRAN.R-project.org/package=forcats},
}

@Manual{R-fs,
  title = {fs: Cross-Platform File System Operations Based on libuv},
  author = {Jim Hester and Hadley Wickham and Gábor Csárdi},
  year = {2023},
  note = {R package version 1.6.3},
  url = {https://CRAN.R-project.org/package=fs},
}

@Manual{R-ggplot2,
  title = {ggplot2: Create Elegant Data Visualisations Using the Grammar of Graphics},
  author = {Hadley Wickham and Winston Chang and Lionel Henry and Thomas Lin Pedersen and Kohske Takahashi and Claus Wilke and Kara Woo and Hiroaki Yutani and Dewey Dunnington},
  year = {2023},
  note = {R package version 3.4.4},
  url = {https://CRAN.R-project.org/package=ggplot2},
}

@Manual{R-ggpubr,
  title = {ggpubr: ggplot2 Based Publication Ready Plots},
  author = {Alboukadel Kassambara},
  year = {2023},
  note = {R package version 0.6.0},
  url = {https://rpkgs.datanovia.com/ggpubr/},
}

@Manual{R-gmp,
  title = {gmp: Multiple Precision Arithmetic},
  author = {Antoine Lucas and Immanuel Scholz and Rainer Boehme and Sylvain Jasson and Martin Maechler},
  year = {2023},
  note = {R package version 0.7-2},
  url = {https://forgemia.inra.fr/sylvain.jasson/gmp},
}

@Manual{R-gplots,
  title = {gplots: Various R Programming Tools for Plotting Data},
  author = {Gregory R. Warnes and Ben Bolker and Lodewijk Bonebakker and Robert Gentleman and Wolfgang Huber and Andy Liaw and Thomas Lumley and Martin Maechler and Arni Magnusson and Steffen Moeller and Marc Schwartz and Bill Venables},
  year = {2022},
  note = {R package version 3.1.3},
  url = {https://github.com/talgalili/gplots},
}

@Manual{R-janitor,
  title = {janitor: Simple Tools for Examining and Cleaning Dirty Data},
  author = {Sam Firke},
  year = {2023},
  note = {R package version 2.2.0},
  url = {https://CRAN.R-project.org/package=janitor},
}

@Manual{R-jsonlite,
  title = {jsonlite: A Simple and Robust JSON Parser and Generator for R},
  author = {Jeroen Ooms},
  year = {2023},
  note = {R package version 1.8.7},
  url = {https://jeroen.r-universe.dev/jsonlite
https://arxiv.org/abs/1403.2805},
}

@Manual{R-knitr,
  title = {knitr: A General-Purpose Package for Dynamic Report Generation in R},
  author = {Yihui Xie},
  year = {2023},
  note = {R package version 1.43},
  url = {https://yihui.org/knitr/},
}

@Manual{R-lubridate,
  title = {lubridate: Make Dealing with Dates a Little Easier},
  author = {Vitalie Spinu and Garrett Grolemund and Hadley Wickham},
  year = {2023},
  note = {R package version 1.9.2},
  url = {https://CRAN.R-project.org/package=lubridate},
}

@Manual{R-maps,
  title = {maps: Draw Geographical Maps},
  author = {Ray Brownrigg},
  year = {2022},
  note = {R package version 3.4.1},
  url = {https://CRAN.R-project.org/package=maps},
}

@Manual{R-MASS,
  title = {MASS: Support Functions and Datasets for Venables and Ripley's MASS},
  author = {Brian Ripley},
  year = {2023},
  note = {R package version 7.3-60},
  url = {http://www.stats.ox.ac.uk/pub/MASS4/},
}

@Manual{R-naniar,
  title = {naniar: Data Structures, Summaries, and Visualisations for Missing Data},
  author = {Nicholas Tierney and Di Cook and Miles McBain and Colin Fay},
  year = {2023},
  note = {R package version 1.0.0},
  url = {https://github.com/njtierney/naniar},
}

@Manual{R-NCmisc,
  title = {NCmisc: Miscellaneous Functions for Creating Adaptive Functions and
Scripts},
  author = {Nicholas Cooper},
  year = {2022},
  note = {R package version 1.2.0},
  url = {https://CRAN.R-project.org/package=NCmisc},
}

@Manual{R-phangorn,
  title = {phangorn: Phylogenetic Reconstruction and Analysis},
  author = {Klaus Schliep and Emmanuel Paradis and Leonardo {de Oliveira Martins} and Alastair Potts and Iris Bardel-Kahr},
  year = {2023},
  note = {R package version 2.11.1},
  url = {https://CRAN.R-project.org/package=phangorn},
}

@Manual{R-phylobase,
  title = {phylobase: Base Package for Phylogenetic Structures and Comparative Data},
  author = {R Hackathon et al.},
  year = {2020},
  note = {R package version 0.8.10},
  url = {https://github.com/fmichonneau/phylobase},
}

@Manual{R-phytools,
  title = {phytools: Phylogenetic Tools for Comparative Biology (and Other Things)},
  author = {Liam J. Revell},
  year = {2023},
  note = {R package version 1.9-16},
  url = {https://github.com/liamrevell/phytools},
}

@Manual{R-psych,
  title = {psych: Procedures for Psychological, Psychometric, and Personality
Research},
  author = {William Revelle},
  year = {2023},
  note = {R package version 2.3.6},
  url = {https://personality-project.org/r/psych/
https://personality-project.org/r/psych-manual.pdf},
}

@Manual{R-purrr,
  title = {purrr: Functional Programming Tools},
  author = {Hadley Wickham and Lionel Henry},
  year = {2023},
  note = {R package version 1.0.2},
  url = {https://CRAN.R-project.org/package=purrr},
}

@Manual{R-qs,
  title = {qs: Quick Serialization of R Objects},
  author = {Travers Ching},
  year = {2023},
  note = {R package version 0.25.5},
  url = {https://github.com/traversc/qs},
}

@Manual{R-readr,
  title = {readr: Read Rectangular Text Data},
  author = {Hadley Wickham and Jim Hester and Jennifer Bryan},
  year = {2023},
  note = {R package version 2.1.4},
  url = {https://CRAN.R-project.org/package=readr},
}

@Manual{R-remotes,
  title = {remotes: R Package Installation from Remote Repositories, Including
GitHub},
  author = {Gábor Csárdi and Jim Hester and Hadley Wickham and Winston Chang and Martin Morgan and Dan Tenenbaum},
  year = {2023},
  note = {R package version 2.4.2.1},
  url = {https://CRAN.R-project.org/package=remotes},
}

@Manual{R-reshape2,
  title = {reshape2: Flexibly Reshape Data: A Reboot of the Reshape Package},
  author = {Hadley Wickham},
  year = {2020},
  note = {R package version 1.4.4},
  url = {https://github.com/hadley/reshape},
}

@Manual{R-Rmpfr,
  title = {Rmpfr: R MPFR - Multiple Precision Floating-Point Reliable},
  author = {Martin Maechler},
  year = {2023},
  note = {R package version 0.9-2},
  url = {https://rmpfr.r-forge.r-project.org/},
}

@Manual{R-stringr,
  title = {stringr: Simple, Consistent Wrappers for Common String Operations},
  author = {Hadley Wickham},
  year = {2023},
  note = {R package version 1.5.1},
  url = {https://CRAN.R-project.org/package=stringr},
}

@Manual{R-tibble,
  title = {tibble: Simple Data Frames},
  author = {Kirill Müller and Hadley Wickham},
  year = {2023},
  note = {R package version 3.2.1},
  url = {https://CRAN.R-project.org/package=tibble},
}

@Manual{R-tidyr,
  title = {tidyr: Tidy Messy Data},
  author = {Hadley Wickham and Davis Vaughan and Maximilian Girlich},
  year = {2023},
  note = {R package version 1.3.0},
  url = {https://CRAN.R-project.org/package=tidyr},
}

@Manual{R-viridis,
  title = {viridis: Colorblind-Friendly Color Maps for R},
  author = {Simon Garnier},
  year = {2023},
  note = {R package version 0.6.3},
  url = {https://CRAN.R-project.org/package=viridis},
}

@Manual{R-viridisLite,
  title = {viridisLite: Colorblind-Friendly Color Maps (Lite Version)},
  author = {Simon Garnier},
  year = {2023},
  note = {R package version 0.4.2},
  url = {https://CRAN.R-project.org/package=viridisLite},
}

@Manual{R-vroom,
  title = {vroom: Read and Write Rectangular Text Data Quickly},
  author = {Jim Hester and Hadley Wickham and Jennifer Bryan},
  year = {2023},
  note = {R package version 1.6.5},
  url = {https://CRAN.R-project.org/package=vroom},
}

@Manual{R-wesanderson,
  title = {wesanderson: A Wes Anderson Palette Generator},
  author = {Karthik Ram and Hadley Wickham},
  year = {2018},
  note = {R package version 0.3.6},
  url = {https://github.com/karthik/wesanderson},
}

@Manual{R-xtable,
  title = {xtable: Export Tables to LaTeX or HTML},
  author = {David B. Dahl and David Scott and Charles Roosen and Arni Magnusson and Jonathan Swinton},
  year = {2019},
  note = {R package version 1.8-4},
  url = {http://xtable.r-forge.r-project.org/},
}

@Article{adephylo2010,
  title = {adephylo: exploratory analyses for the phylogenetic comparative method.},
  journal = {Bioinformatics},
  year = {2010},
  author = {T. Jombart and S. Dray},
  volume = {26},
  pages = {1907-1909},
  doi = {10.1093/bioinformatics/btq292},
}

@Article{ape2019,
  title = {ape 5.0: an environment for modern phylogenetics and evolutionary analyses in {R}},
  author = {Emmanuel Paradis and Klaus Schliep},
  journal = {Bioinformatics},
  year = {2019},
  volume = {35},
  pages = {526-528},
  doi = {10.1093/bioinformatics/bty633},
}

@Article{castor2017,
  journal = {Bioinformatics},
  title = {Efficient comparative phylogenetics on large trees},
  author = {Stilianos Louca and Michael Doebeli},
  doi = {10.1093/bioinformatics/btx701},
  year = {2017},
}

@Book{ggplot22016,
  author = {Hadley Wickham},
  title = {ggplot2: Elegant Graphics for Data Analysis},
  publisher = {Springer-Verlag New York},
  year = {2016},
  isbn = {978-3-319-24277-4},
  url = {https://ggplot2.tidyverse.org},
}

@Article{jsonlite2014,
  title = {The jsonlite Package: A Practical and Consistent Mapping Between JSON Data and R Objects},
  author = {Jeroen Ooms},
  journal = {arXiv:1403.2805 [stat.CO]},
  year = {2014},
  url = {https://arxiv.org/abs/1403.2805},
}

@Book{knitr2015,
  title = {Dynamic Documents with {R} and knitr},
  author = {Yihui Xie},
  publisher = {Chapman and Hall/CRC},
  address = {Boca Raton, Florida},
  year = {2015},
  edition = {2nd},
  note = {ISBN 978-1498716963},
  url = {https://yihui.org/knitr/},
}

@InCollection{knitr2014,
  booktitle = {Implementing Reproducible Computational Research},
  editor = {Victoria Stodden and Friedrich Leisch and Roger D. Peng},
  title = {knitr: A Comprehensive Tool for Reproducible Research in {R}},
  author = {Yihui Xie},
  publisher = {Chapman and Hall/CRC},
  year = {2014},
  note = {ISBN 978-1466561595},
}

@Article{lubridate2011,
  title = {Dates and Times Made Easy with {lubridate}},
  author = {Garrett Grolemund and Hadley Wickham},
  journal = {Journal of Statistical Software},
  year = {2011},
  volume = {40},
  number = {3},
  pages = {1--25},
  url = {https://www.jstatsoft.org/v40/i03/},
}

@Book{MASS2002,
  title = {Modern Applied Statistics with S},
  author = {W. N. Venables and B. D. Ripley},
  publisher = {Springer},
  edition = {Fourth},
  address = {New York},
  year = {2002},
  note = {ISBN 0-387-95457-0},
  url = {https://www.stats.ox.ac.uk/pub/MASS4/},
}

@Article{naniar2023,
  title = {Expanding Tidy Data Principles to Facilitate Missing Data Exploration, Visualization and Assessment of Imputations},
  author = {Nicholas Tierney and Dianne Cook},
  journal = {Journal of Statistical Software},
  year = {2023},
  volume = {105},
  number = {7},
  pages = {1--31},
  doi = {10.18637/jss.v105.i07},
}

@Article{phangorn2011,
  title = {phangorn: phylogenetic analysis in R},
  author = {K.P. Schliep},
  journal = {Bioinformatics},
  year = {2011},
  volume = {27},
  number = {4},
  pages = {592--593},
  doi = {10.1093/bioinformatics/btq706},
}

@Article{phangorn2017,
  author = {{Schliep} and {Klaus} and {Potts} and Alastair J. and {Morrison} and David A. and {Grimm} and Guido W.},
  title = {Intertwining phylogenetic trees and networks},
  journal = {Methods in Ecology and Evolution},
  volume = {8},
  number = {10},
  pages = {1212--1220},
  keywords = {exploratory data analysis, networks, phangorn, R, trees},
  year = {2017},
}

@Article{phytools2012,
  title = {phytools: An {R} package for phylogenetic comparative biology (and other things).},
  author = {Liam J. Revell},
  journal = {Methods in Ecology and Evolution},
  year = {2012},
  volume = {3},
  pages = {217-223},
  doi = {10.1111/j.2041-210X.2011.00169.x},
}

@Article{reshape22007,
  title = {Reshaping Data with the {reshape} Package},
  author = {Hadley Wickham},
  journal = {Journal of Statistical Software},
  year = {2007},
  volume = {21},
  number = {12},
  pages = {1--20},
  url = {http://www.jstatsoft.org/v21/i12/},
}

@Manual{viridis2023,
  title = {{viridis(Lite)} - Colorblind-Friendly Color Maps for R},
  author = {{Garnier} and {Simon} and {Ross} and {Noam} and {Rudis} and {Robert} and {Camargo} and Antônio Pedro and {Sciaini} and {Marco} and {Scherer} and {Cédric}},
  year = {2023},
  note = {viridis package version 0.6.3},
  url = {https://sjmgarnier.github.io/viridis/},
  doi = {10.5281/zenodo.4679424},
}

@Manual{viridisLite2023,
  title = {{viridis(Lite)} - Colorblind-Friendly Color Maps for R},
  author = {{Garnier} and {Simon} and {Ross} and {Noam} and {Rudis} and {Robert} and {Camargo} and Antônio Pedro and {Sciaini} and {Marco} and {Scherer} and {Cédric}},
  year = {2023},
  note = {viridisLite package version 0.4.2},
  url = {https://sjmgarnier.github.io/viridis/},
  doi = {10.5281/zenodo.4678327},
}

